2430 3177
1115 208 1380 227 Μ

307 275 371 316 Vs.
406 273 496 316 186.
560 272 769 313 Curculio.
826 271 950 313 Varro
980 271 1033 312 ait
1060 271 1137 314 hoc
1167 285 1311 314 nomen
1340 285 1409 326 per
1438 273 1688 315 antistichum
1708 277 1764 323 ⁸⁴)
1797 274 1956 326 dictum,
1987 276 2099 329 quasi
2129 277 2314 331 gurgulio
2354 280 2357 283 ’

176 342 302 386 genus
331 331 500 379 bestiae,
541 341 642 381 quae
680 340 837 380 semper
874 328 1026 378 quaerit
1065 327 1233 369 alienum
1274 329 1473 370 auxilium.
1533 329 1724 369 Metuens
1751 331 1951 381 formica,
1982 344 2060 372 non
2089 337 2239 373 tantum
2269 331 2320 372 ad

176 388 377 434 formicaS,
407 384 477 424 sed
501 383 550 424 ad
579 383 786 437 generales
814 383 990 435 pertinet.
1021 405 1075 411 —
1104 382 1232 435 Inopi
1261 389 1468 429 senectae,
1499 387 1704 437 senectuti,
1735 386 1919 439 generale
1945 387 2143 440 epitheton
2163 391 2219 436 ⁸⁵)
2249 399 2322 428 se-

177 442 344 483 nectutis
376 443 446 479 est.

310 496 375 535 Vs.
409 492 499 534 187.
563 491 880 545 Contemplator
908 493 1029 533 futuri
1059 495 1246 546 temporis
1277 495 1528 547 imperativus
1561 495 1714 536 modus.
1775 493 1978 544 Plurima,
2006 496 2124 549 longa
2145 496 2323 538 abellana

177 551 217 593 id
247 555 306 590 est
334 549 554 602 amygdala,
585 553 628 588 ut
659 549 820 599 plurima
853 549 995 590 cervix.
1016 571 1067 577 —
1104 547 1421 600 Contemplator
1450 551 1543 590 item
1565 552 1846 605 prognosticon
1874 556 1935 591 est
1965 552 2056 591 anni
2084 551 2204 593 futuri
2234 552 2322 593 fer-

176 607 250 647 tilis
280 605 341 645 vel
370 604 580 644 infecundi.
639 602 840 649 Plurima,
872 604 1002 657 longa,
1034 605 1284 658 amygdalum
1316 605 1398 645 vult
1426 606 1610 659 intellegi.
1670 644 1673 645 γ

307 661 373 700 Vs.
407 657 497 701 188.
556 657 751 704 Indum,
788 672 833 699 se
870 659 1059 700 infundet.
1101 683 1152 688 ——
1191 658 1252 699 Et
1293 673 1426 699 ramos
1456 660 1673 706 curvabit,
1712 666 1871 716 propter
1911 661 2065 716 pondus
2093 673 2322 715 pomorum3

176 717 275 757 bene
305 715 423 769 elegit
451 715 648 766 arborem,
678 727 777 767 quae
808 716 929 767 primo
959 714 1062 755 foliis
1091 717 1269 755 vestitur.

306 771 372 811 Vs.
408 768 497 810 189.
558 769 607 807 Si
635 775 831 821 superant
857 771 1010 820 foetus,
1041 771 1073 810 si
1103 770 1274 810 abundat
1293 774 1349 820 89)
1381 783 1472 811 nux.
1505 794 1558 801 -—
1587 769 1771 816 Pariter,
1803 771 1994 820 similiter,
2022 771 2169 812 itidem.

314 826 379 866 Vs.
414 824 504 866 190.
569 823 731 869 Calore,
763 830 924 875 aestate,
956 830 1107 865 aestum
1138 827 1299 866 nimium
1328 826 1416 866 fore
1445 827 1550 867 dicit.

311 881 376 920 Vs.
411 878 501 921 191.
560 878 797 923 Exuberat,
830 880 925 929 fluit,
958 880 1128 920 abundat
1150 884 1219 928 99).

312 936 377 976 Vs.
414 934 502 976 192.
560 932 848 987 Nequicquam
878 935 1054 988 pinguis,
1096 947 1175 974 non
1206 936 1371 987 pingues
1399 934 1438 974 in
1464 934 1658 989 frugibus.
1689 958 1745 964 -
1780 933 1960 980 Paleae,
1998 935 2150 988 paleam
2188 940 2324 977 contra

176 997 297 1033 artem
328 991 436 1041 dixit,
466 992 554 1043 quia
582 989 684 1042 quae
714 1003 764 1029 ex
793 990 966 1042 pluribus
999 994 1182 1031 constant
1201 993 1256 1038 87)
1289 991 1441 1031 numeri
1470 995 1562 1031 sunt
1591 990 1778 1045 [pluralis]
1802 994 1873 1042 Β9),
1907 995 1948 1031 ut
1967 991 2142 1043 cancelli,
2173 991 2320 1044 paleae.

181 1046 358 1098 culmos,
388 1051 542 1100 strages
572 1047 778 1098 piscaruni.
1083 1077 1087 1080 .
2329 1044 2332 1046 ’

307 1103 372 1142 Vs.
407 1099 494 1142 193.
575 1100 724 1139 ‘antina
754 1100 856 1146 vidi,
887 1100 1020 1153 incipit
1050 1100 1180 1140 dicere
1211 1099 1259 1139 de
1280 1099 1572 1140 medicamentis
1583 1112 1596 1151 3
1624 1100 1888 1154 leguminibus
1918 1101 2114 1143 medicare
2142 1112 2213 1155 pro
2233 1112 2322 1142 me-

177 1157 405 1199 dicamentis
436 1156 687 1209 adspergere.
718 1179 769 1183 ——
806 1154 1011 1199 serentes,
1044 1167 1178 1195 serere
1204 1155 1394 1195 volentes.

306 1213 374 1252 Vs.
407 1210 496 1252 194.
556 1207 708 1259 Nitro,
748 1223 848 1263 aqua
887 1215 929 1250 ut
966 1215 1074 1263 puto.
1111 1234 1166 1240 -—
1204 1208 1411 1256 Amurca‚
1451 1210 1594 1252 humor
1613 1211 1665 1260 ⁸⁹)
1703 1221 1916 1264 expressus
1959 1224 2010 1252 ex
2047 1212 2156 1263 oleo,
2194 1210 2235 1252 id
2264 1216 2325 1253 est

175 1267 283 1309 feces
313 1267 400 1307 olei.
428 1290 480 1295 ——
2145 1281 2151 1286 ·

307 1323 373 1362 Vs.
409 1320 498 1362 195.
556 1319 815 1364 Fallacibus,
847 1332 948 1373 quae
977 1320 1114 1360 fallere
1142 1320 1375 1373 plerumque
1403 1320 1544 1360 solent.

308 1378 374 1418 Vs.
409 1375 499 1418 196.
557 1375 618 1415 Et
648 1377 829 1428 quamvis
869 1381 908 1417 et
938 1376 1103 1428 reliqua.
1171 1375 1302 1416 Ordo:
1342 1377 1520 1428 quamvis
1560 1374 1637 1416 cito
1677 1380 1962 1428 coquerentur,
1999 1374 2080 1415 vidi
2116 1387 2162 1417 ea
2190 1380 2324 1417 tamen

176 1431 430 1473 deveneram.

228 1468 251 1487 Ὁ
309 1488 376 1528 Vs.
413 1485 503 1527 197.
566 1486 786 1538 Spectata,
818 1486 1003 1540 probata;
1035 1484 1179 1524 labore
1208 1485 1424 1542 hominum,
1454 1489 1498 1527 ut
1524 1483 1645 1524 rebus
1673 1490 1865 1538 spectata
1894 1486 2092 1525 iuventus.

307 1543 375 1583 Vs.
407 1541 497 1583 198.
557 1541 630 1587 Νἱ,
661 1543 746 1582 nisi.

310 1598 377 1638 Vs.
408 1596 501 1638 201.
559 1596 764 1641 Lemhmn,
794 1597 1012 1638 naviculam
1043 1598 1217 1644 brevem.

309 1653 375 1692 Vs.
406 1650 498 1692 202.
561 1650 747 1703 Subiyit,
778 1663 935 1692 sursum
957 1655 1011 1700 90)
1045 1654 1136 1705 agit,
1168 1654 1346 1707 remiget,
1379 1653 1537 1706 inpellit,
1570 1657 1698 1706 urget.

309 1707 376 1747 Vs.
407 1705 500 1748 203.
559 1706 716 1747 Atreus
758 1706 883 1745 media
914 1718 1003 1757 pars
1033 1709 1180 1756 amnis,
1222 1714 1260 1748 et
1290 1709 1458 1747 maxime
1486 1709 1686 1747 altissima.
1719 1729 1771 1736 —-
1811 1706 1977 1748 Sensum
2008 1705 2192 1759 parabola
2222 1706 2317 1748 finit.

311 1763 376 1803 Vs.
409 1760 502 1803 204.
561 1759 805 1804 Praeterea,
837 1761 1088 1814 astrologiam
1117 1764 1303 1802 rusticam
1334 1763 1424 1803 dicit
1434 1776 1445 1812 3
1477 1760 1673 1806 Arcturi,
1707 1762 1942 1814 periphrasis
1974 1767 2034 1802 est
2063 1774 2132 1814 pro
2162 1761 2321 1804 Arcturi

178 1818 301 1860 sidus.
327 1840 381 1846 —
411 1815 595 1860 Arcturi,
628 1815 929 1867 septemtrioniS,
961 1818 1072 1857 cuius
1102 1821 1191 1857 ortu
1219 1822 1430 1871 tempestas
1459 1817 1512 1867 fit,
1543 1817 1605 1857 vel
1633 1818 1770 1858 stellae
1800 1818 1836 1855 in
1865 1817 1980 1870 signo
2009 1817 2168 1857 Bootae.

311 1874 377 1913 Vs.
409 1871 501 1913 205.
561 1871 815 1909 Hoedorum.
880 1870 1041 1922 Antiqui
1079 1876 1286 1923 antequam
1317 1872 1527 1924 adspiratio
1559 1877 1664 1912 esset
1692 1873 1871 1921 inventa,
1903 1875 1919 1909 f
1943 1873 2069 1911 littera
2099 1873 2320 1924 utebantur,

179 1933 220 1970 et
248 1928 353 1981 quod
381 1939 453 1968 nos
483 1927 647 1967 dicimus
677 1926 807 1975 hoedi,
838 1925 890 1965 illi
919 1925 1025 1965 foedi
1055 1926 1249 1977 dixerunt,
1282 1933 1319 1967 et
1348 1939 1420 1967 nos
1453 1928 1623 1978 fortuna,
1653 1927 1706 1966 ilii
1736 1931 1898 1976 ortuna,
1929 1932 1966 1966 et
1994 1927 2083 1967 ideo
2112 1933 2323 1980 postquam

179 1984 336 2025 inventa
365 1988 444 2033 est,
475 1982 590 2022 hoedi
620 1982 811 2022 dicuntur.
842 2001 896 2008 —
926 1980 1248 2033 Hoedorumque
1277 1982 1378 2020 dies.
1437 1982 1584 2036 Auriga
1626 1983 1780 2035 signum
1821 1987 1882 2021 est
1919 1982 2022 2023 haud
2043 1985 2099 2031 ⁹¹)
2141 1983 2259 2036 longe
2297 1994 2322 2023 a

178 2039 480 2092 septemtrione,
522 2038 633 2077 cuius
662 2036 802 2090 pedem
843 2047 966 2077 cornu
1003 2037 1102 2076 tauri
1141 2049 1218 2093 una
1255 2037 1368 2077 stella
1406 2038 1596 2091 adiungit.
1663 2035 1848 2076 Lucidus
1887 2038 2046 2089 anquis.
2104 2037 2200 2077 Tres
2229 2041 2322 2077 sunt

178 2105 328 2148 angues
357 2093 395 2132 in
426 2092 552 2143 coelo,
583 2104 683 2133 unus
712 2093 812 2132 inter
841 2094 1173 2144 septemtrionem,
1203 2093 1301 2133 alter
1329 2091 1522 2145 Ophiuchi
1537 2094 1776 2145 ⁰²),tertius
1796 2092 1991 2144 australiS,
2019 2092 2059 2132 in
2085 2104 2163 2145 quo
2193 2096 2322 2134 crater

179 2154 218 2189 et
246 2160 402 2198 corvuS,
435 2147 484 2187 de
514 2160 592 2200 quo
623 2159 727 2186 nunc
755 2146 911 2200 proprie
941 2147 1092 2188 dicitur.

312 2204 378 2243 Vs.
410 2200 503 2243 206.
570 2202 706 2242 Vectis
735 2202 774 2241 id
804 2207 864 2242 est
891 2201 930 2241 h‘i
958 2207 1049 2241 sunt
1078 2202 1145 2254 qui
1171 2201 1379 2243 vehuntur.

312 2259 378 2298 Vs.
408 2256 501 2299 207.
560 2256 713 2301 Ponti,
750 2257 861 2309 regio
900 2256 1030 2297 Asiae.
1105 2256 1321 2308 ostriferi,
1366 2257 1404 2297 in
1443 2267 1521 2309 quo
1559 2262 1716 2298 ostreae
1752 2257 1898 2298 multae
1935 2261 2039 2298 sunt.
2077 2279 2132 2286 —
2166 2255 2316 2310 Abydi.

180 2313 316 2355 Sestos
339 2315 394 2362 ⁹³)
426 2318 464 2353 et
491 2311 655 2364 Abydos
685 2312 861 2353 civitates
890 2312 1150 2364 Hellesponti,
1183 2326 1285 2365 quae
1312 2317 1481 2366 angusto
1510 2317 1548 2353 et
1577 2313 1799 2365 periculoso
1829 2312 1932 2354 freto
1955 2315 2010 2362 ⁹⁴)
2039 2317 2316 2367 segregantur,

181 2370 245 2409 vel
275 2368 422 2421 Abydi,
453 2369 604 2409 enicule
633 2371 724 2408 sunt
742 2370 814 2417 ⁹⁵),
846 2367 949 2406 unde
978 2366 1019 2406 fit
1046 2380 1230 2420 purpura.
1780 2377 1783 2379 ·

316 2424 380 2463 Vs.
412 2421 505 2464 208.
564 2421 715 2473 Libra,
747 2423 1034 2474 aequinoctium
1065 2424 1308 2473 autumnale,
1338 2423 1486 2475 inquo
1516 2422 1576 2462 sol
1605 2422 1643 2462 in
1672 2422 1768 2463 libra
1791 2425 1846 2471 ⁹⁶)
1880 2423 1941 2473 sit,
1972 2423 2118 2465 vernali
2147 2423 2250 2463 enirn
2278 2422 2318 2462 in

183 2477 314 2519 ariete.
373 2478 495 2518 Varro
522 2478 689 2530 scripsit,
723 2476 772 2515 ab
803 2478 1069 2528 aequinoctio
1101 2478 1330 2516 azetunmali
1359 2477 1478 2516 nobis
1506 2477 1720 2516 serendum
1750 2490 1876 2529 usque
1894 2478 1950 2516 ad
1969 2478 2077 2516 diem
2097 2476 2190 2516 XC.
2217 2481 2319 2529 post

183 2531 370 2572 brumum.
395 2555 445 2560 —
474 2530 559 2570 Dte
587 2544 658 2584 pro
689 2531 776 2572 diei.
834 2530 918 2570 Dic
947 2533 1158 2584 somnique
1187 2534 1414 2582 antitheton,
1446 2533 1520 2573 diei
1549 2545 1729 2573 somnum
1756 2533 1922 2572 reddidit
1949 2545 2029 2572 non
2057 2532 2163 2573 nocti
2193 2542 2318 2573 venus

184 2588 286 2627 enim
316 2599 385 2638 per
413 2599 592 2628 somnum
624 2586 827 2640 significat,
858 2588 946 2638 quia
977 2599 1046 2638 per
1075 2587 1112 2627 id
1143 2592 1293 2640 tempus
1325 2588 1399 2628 diei
1428 2600 1567 2628 somno
1599 2599 1717 2639 opera
1747 2588 1870 2627 datur.
1930 2591 2110 2627 Iummus
2140 2587 2244 2630 dicit.

316 2642 382 2681 Vs.
415 2639 507 2681 209.
566 2640 672 2679 Luci
700 2647 825 2693 atque
855 2641 1016 2686 umbris,
1047 2642 1149 2682 idem
1171 2643 1383 2684 antitheton
1405 2646 1460 2691 ⁹⁷)
1490 2655 1581 2684 narn
1601 2642 1677 2683 luci
1698 2643 1873 2682 umbram
1893 2643 1987 2682 noni
2006 2642 2111 2683 nocti
2137 2641 2317 2683 reddidit.

316 2696 382 2736 Vs.
414 2693 505 2737 210.
565 2694 773 2736 Exci-cete
801 2697 882 2735 viri
909 2701 1075 2741 tauros,
1113 2697 1296 2746 observat
1325 2698 1543 2751 praedicta,
1581 2702 1624 2737 ut
1663 2703 1802 2736 taurus
1842 2702 1996 2738 aratro.
2063 2697 2240 2737 Hordea
2258 2700 2315 2747 99)

185 2751 410 2803 usurpative
437 2755 518 2790 tres
547 2762 663 2791 casus
694 2756 841 2791 tantum
870 2752 1029 2805 pluralis
1059 2752 1252 2792 dicuntur.
1283 2775 1338 2781 —
1369 2751 1504 2792 Serite
1532 2749 1691 2792 lzordea
1709 2756 1789 2802 98),
1823 2753 2062 2804 notandum,
2089 2752 2197 2806 quod
2224 2751 2314 2794 fru-

184 2812 312 2846 menta
341 2811 528 2846 autumno
558 2805 723 2846 serenda
754 2806 868 2858 dicat,
899 2807 1098 2860 legumina
1126 2819 1220 2848 vero
1251 2820 1356 2849 vere.
2026 2822 2033 2828 ·

2198 2844 2220 2857 μ

276 2964 328 3005 84)
355 2964 517 2997 antesti
541 2968 573 2998 ὃ.
619 2963 671 3006 85)
695 2962 783 2996 Haec
798 2962 850 2996 tali
874 2963 971 2996 modo
995 2965 1027 2996 in
1051 2964 1164 2998 codice
1187 2963 1359 3009 leguntur:
1386 2963 1513 3008 Inopi
1536 2964 1684 3009 genali
1707 2969 1887 2998 senecte
1913 2964 2137 2998 senectuti
2160 2964 2315 3008 aepite

184 3014 312 3042 tonse
339 3010 546 3043 nectutis.
586 3009 640 3051 86)
665 3008 895 3043 habundat.
929 3009 980 3051 87)
1008 3016 1196 3044 constat.
1228 3012 1280 3052 88)
1304 3010 1372 3044 Hoc
1396 3021 1466 3044 voc.
1492 3012 1524 3043 in
1548 3011 1622 3044 cod.
1649 3011 1751 3044 deest.
1787 3011 1838 3051 89)
1863 3020 2002 3052 unior,
2027 3011 2058 3043 in
2084 3009 2158 3043 cod.
2185 3014 2219 3042 ut
2241 3009 2313 3044 fero

187 3054 306 3098 ubique
331 3056 426 3087 etiam
452 3054 512 3088 hic.
561 3055 613 3097 90)
638 3065 799 3089 susum.
846 3054 897 3096 91)
925 3057 1013 3088 hoc.
1060 3056 1112 3097 92)
1138 3055 1238 3090 Cod.:
1264 3056 1417 3090 offieu.
1463 3057 1512 3095 93)
1537 3062 1645 3092 esto.
1684 3057 1735 3099 94)
1759 3055 1885 3091 fretu.
1926 3056 1978 3099 95)
2009 3055 2098 3090 Haec
2121 3055 2243 3090 incod.
2267 3055 2315 3090 sic

183 3101 320 3143 scripta:
348 3099 474 3133 ecule
497 3111 514 3134 s
540 3100 665 3136 unde.
709 3101 761 3145 96)
785 3100 937 3136 libero.
982 3101 1034 3144 91)
1058 3106 1249 3136 anteton.
1296 3102 1349 3145 98)
1373 3101 1518 3137 ordea.
