2430 3177
1196 99 1273 157 38.

163 245 303 286 dicitur
331 241 436 282 haud
465 240 583 292 longe
609 251 630 278 a
648 235 803 276 Mincio.
840 233 1081 288 Allegorice:
1111 235 1198 274 Huc
1216 235 1290 288 ipsi
1308 234 1464 275 iuvenci
1482 237 1617 287 potum
1636 231 1804 284 venient,
1827 233 1940 285 quasi
1959 232 2064 274 dicat
2080 232 2311 288 Augustus:

162 301 277 341 etiam
309 296 439 349 magni
467 295 610 346 quique
639 291 687 330 ad
717 302 846 329 meum
875 289 1115 329 festinabunt
1143 301 1330 329 amorem.

294 353 360 391 Vs.
395 348 458 390 12.
518 346 614 385 Huc
643 345 794 384 virides
824 349 964 383 tenera
987 345 1205 394 praetexit
1232 342 1464 382 harundine
1492 342 1620 394 ripas.
1679 340 1903 382 Secundum
1921 342 2138 392 litteramss)
2171 348 2312 384 osten-

160 410 226 457 dit,
258 418 302 447 se
331 405 455 458 magis
483 405 522 443 in
550 401 849 441 Mantuanorum
878 399 997 451 agris.
1027 421 1082 426 —
1106 398 1373 443 Harundine,
1404 398 1567 439 calamo.
1624 395 1848 450 Allegoriee
1876 402 2006 450 potest
2031 411 2102 453 per
2129 397 2314 440 Mincium

162 465 306 503 flumen
334 457 561 510 Augustalis
590 459 765 508 potestas
792 454 977 506 intellegi.

293 517 358 556 Vs.
391 511 454 554 13.
514 510 698 562 Mincius
728 509 850 549 amnis
881 513 942 548 est
972 507 1129 558 Galliae,
1160 519 1263 559 quae
1291 506 1409 548 modo
1432 506 1595 560 Liguria
1625 505 1779 556 dicitur,
1809 506 1876 558 qui
1905 505 2047 548 fluvius
2076 507 2216 549 transit
2243 519 2313 560 per

160 573 369 619 Mantuam,
399 569 563 620 patriam
594 564 754 617 Virgilii.
786 586 830 591 —
866 561 988 615 Eque
1017 575 1136 600 saera
1164 566 1361 601 resonant
1391 563 1580 600 examina
1611 573 1787 613 quercet,
1827 561 1891 601 vel
1916 562 1957 602 in
1989 563 2064 603 illis
2085 566 2123 612 ⁷)
2153 557 2312 605 delicias

160 630 303 675 narrat,
335 623 396 664 vel
422 622 631 676 allegorice
658 621 758 666 intra
789 619 998 670 potentiam
1019 617 1222 657 Octaviani
1248 617 1310 657 vel
1341 617 1447 657 urbis
1477 616 1765 667 continentiam,
1786 616 2019 668 popularem,
2042 617 2312 670 frequentiam.

160 705 214 712 --
245 680 471 722 Resonant,
503 687 659 716 sursum
687 675 900 714 remittunt.
959 671 1183 723 Est-nmina,
1215 683 1323 724 apes.
2305 663 2310 714 j

293 736 360 774 Vs.
393 731 455 773 14.
520 730 633 775 Quid
660 729 852 780 facerem,
883 728 957 768 nisi
989 728 1219 779 acciperem.
1286 724 1501 777 Alcippen
1539 730 1579 764 et
1616 723 1835 778 Phyllida,
1872 726 2030 766 nomina
2071 715 2313 778 ancillarum,

161 793 224 833 vel
254 791 350 831 deae
379 788 529 827 cantici.
587 784 810 840 Allegorice
837 782 1032 823 Mantuam
1064 787 1102 821 et
1128 782 1373 830 Cremonam,
1404 781 1468 820 vel
1496 780 1641 828 Musas,
1674 793 1777 832 quae
1804 785 1914 820 erant
1943 781 2034 821 illie.
2092 779 2313 835 Phyllida,

160 845 409 887 accusativus
440 852 569 881 casus.
600 862 653 867 —-
682 837 826 888 Neque
857 850 934 888 eyo
966 835 1178 887 Alcippen
1197 848 1274 874 nee
1295 834 1500 886 Phyllida
1519 833 1727 873 habebam.
1784 834 1985 887 Alcippen,
2016 848 2159 876 nomen
2188 835 2312 888 pueri,

161 901 267 941 velut
293 899 355 938 alii
384 897 520 937 volunt
550 895 651 934 duae
679 892 842 945 puellae.
908 891 1069 944 Alcippe
1110 895 1148 930 et
1184 891 1358 942 Phyllida
1395 890 1674 942 intelleguntur
1712 890 1826 930 amici
1861 890 2063 940 Meliboei3
2102 890 2314 944 allegorice

159 967 288 1007 neque
314 952 524 999 Mantuam,
554 960 683 999 neque
707 947 939 986 Cremonam
969 957 1014 985 se
1044 945 1134 985 dicit
1161 945 1211 986 ad
1240 945 1423 986 solatium
1452 944 1650 984 habuisse.
2304 983 2306 985 ,

294 1009 360 1047 Vs.
394 1005 456 1045 15.
516 1000 739 1054 Depnlsos.
761 1004 798 1048 8)
856 1001 984 1040 Verbo
1007 1001 1161 1052 proprio
1183 1004 1384 1052 pastorum
1404 1000 1535 1048 utitur,
1567 1003 1611 1039 ut
1640 998 1770 1038 ovium
1791 1003 1949 1041 teneros
1971 999 2167 1053 depellere
2192 998 2312 1041 fetus.

163 1075 341 1104 mximas
374 1060 475 1100 dicit.
507 1080 558 1086 -
590 1054 798 1107 Depulsos
829 1068 932 1107 quae
963 1055 1191 1101 clauderet,
1217 1054 1257 1094 id
1285 1059 1346 1093 est
1375 1054 1578 1101 adiuvaret
1606 1066 1682 1093 me.
2167 1090 2169 1092 ,

290 1118 355 1156 VS·
389 1112 452 1154 16.
511 1111 572 1149 Et
605 1116 807 1149 eei-tamen
838 1115 938 1158 erat,
975 1108 1172 1160 Corydon
1202 1122 1291 1147 cum
1326 1106 1538 1159 Thyrside.
1598 1107 1649 1149 Se
1676 1107 1759 1147 vult
1788 1107 1959 1162 intellegi
1990 1112 2029 1148 et
2049 1107 2311 1160 Cornificium,

158 1177 295 1215 contra
325 1182 441 1222 quein
470 1167 543 1206 sub
574 1176 741 1217 persona
771 1163 988 1215 Corydonis
1013 1164 1055 1201 in
1086 1162 1315 1201 defensione
1332 1161 1524 1200 'Caesaris
1551 1161 1734 1209 defendit,
1749 1165 1786 1209 ⁹)
1819 1164 1885 1212 qui
1905 1163 1977 1209 sibi
1997 1163 2100 1203 bona
2119 1164 2310 1214 restituit;

159 1229 220 1269 vel
249 1238 319 1278 per
347 1224 527 1275 Thyrsim
556 1220 766 1260 Antonium
794 1219 875 1257 vult
902 1217 1086 1270 intellegi.
1118 1239 1168 1243 —
1205 1214 1401 1266 Corydon
1431 1227 1519 1252 eum
1555 1213 1778 1266 Thyrside,
1813 1215 1878 1255 ille
1907 1221 1946 1255 et
1974 1211 2063 1266 ille',
2099 1226 2179 1258 non
2209 1218 2312 1261 illius

161 1289 199 1323 et
228 1283 352 1328 illius,
375 1280 430 1325 ιο)
468 1276 506 1315 id
537 1280 618 1321 est,
658 1284 847 1325 personas
876 1276 1074 1312 certamen
1111 1274 1247 1319 vocat,
1285 1280 1366 1308 non
1405 1280 1503 1320 opus
1542 1267 1718 1308 earums
1755 1267 1980 1323 Allegoriee
2009 1261 2193 1324 Virgilius
2221 1262 2311 1313 cum

159 1336 322 1378 inimicis
352 1330 565 1373 defendens
597 1328 817 1369 Caesarem.
1419 1323 1425 1325 “
1940 1354 1942 1357 ,

292 1389 358 1428 Vs.
391 1385 456 1427 17.
517 1382 773 1432 posthabui,
812 1381 1021 1433 allegorice
1031 1392 1042 1428 ;
1076 1383 1213 1431 postea
1250 1378 1386 1418 habuit
1421 1377 1605 1431 Virgilius
1643 1377 1866 1419 conflictum
1902 1391 1991 1418 cum
2029 1379 2208 1420 inimicis.
2258 1405 2309 1411 ——

161 1442 409 1486 Postlzabnz',
439 1440 664 1493 postposui,
697 1437 935 1487 contempsi,
962 1439 1005 1474 ut
1033 1434 1252 1486 posthabita
1282 1433 1521 1473 adverbium.
1563 1455 1618 1461 —
1660 1431 1795 1476 Seria,
1825 1433 1995 1487 negotia.
2064 1432 2162 1472 Mea
2189 1436 2310 1482 seria,

157 1504 311 1541 secreta
339 1496 497 1551 negotia
526 1494 665 1534 domus
696 1503 817 1531 meae.
846 1515 896 1520 -
918 1488 1065 1544 ‚Sei-ia,
1097 1489 1231 1530 forsan
1259 1488 1363 1528 idem
1394 1493 1431 1528 et
1450 1487 1588 1539 Syrice
1617 1487 1785 1528 serendo
1805 1487 1929 1529 dicta.
1989 1486 2163 1527 Illorum
2189 1489 2310 1543 ludo,

159 1558 181 1595 i.
204 1567 225 1594 e
255 1551 510 1594 cantionibus.
777 1583 780 1587 .
1881 1570 1884 1571 ν
2035 1549 2039 1551 ’

292 1608 357 1647 Vs.
392 1604 454 1646 18.
513 1601 697 1642 Alternis
728 1600 873 1652 iyitnr.
930 1598 1041 1638 Nunc
1070 1603 1186 1650 poeta
1216 1597 1344 1648 adicit,
1373 1596 1413 1637 id
1442 1601 1502 1637 est
1520 1597 1724 1650 Virgilius3
1753 1608 1858 1637 nunc
1887 1597 2104 1644 alternatim
2122 1598 2308 1652 Virgilius

159 1671 196 1706 et
226 1661 467 1708 Cornificius,
500 1659 611 1709 quasi
642 1655 825 1707 Corydon
856 1659 894 1693 et
923 1654 1084 1704 Thyrsis
1115 1657 1283 1693 cantant.
1344 1687 1349 1694 ,

290 1717 357 1756 Vs.
391 1713 453 1809 13.
511 1711 672 1805 ῗΙΙιιεαε,
705 1710 862 1750 numina
891 1708 1084 1748 carminis.
1120 1707 1321 1748 Musarum
1341 1706 1498 1745 nomina
1528 1704 1600 1745 tria
1621 1717 1767 1758 genera
1797 1710 1913 1747 sunt}
1937 1718 2051 1759 aqua,
2079 1706 2308 1760 ignis,¹aer.

289 1772 355 1811 Vs.
387 1768 412 1810 2
444 1798 452 1806 .
558 1778 616 1810 os,
646 1775 798 1804 versus.

289 1827 356 1866 vg,
386 1822 451 1865 21,
511 1819 739 1874 Nymphae,
768 1819 916 1860 Musae.
973 1814 1190 1869 Nymphae
1217 1819 1358 1853 noster
1387 1827 1511 1858 amor,
1542 1813 1753 1868 allegorice
1779 1814 1938 1865 Musae,
1980 1827 2079 1867 quas
2108 1827 2182 1857 nos
2213 1817 2305 1858 dili-
2355 1847 2357 1849 ·

157 1884 298 1938 giinuS.
357 1877 440 1917 Ant
471 1876 569 1916 mihi
600 1887 780 1916 carmen,
811 1873 1089 1924 epigrammata
1120 1870 1364 1919 tetrasticha,
1396 1870 1434 1909 id
1465 1874 1545 1918 est,
1578 1874 1762 1921 quattuor
1790 1870 1970 1918 versibus
2001 1875 2169 1922 cantant,
2196 1878 2239 1913 ut
2267 1873 2307 1913 in

156 1937 349 1992 prioribus
379 1933 543 1974 disticha
574 1934 683 1979 sunt,
722 1929 789 1969 ubi
819 1928 972 1967 duobus
1003 1926 1180 1965 versibus
1212 1929 1378 1965 cantant.
1436 1923 1641 1972 Disticha,
1672 1923 1711 1963 id
1740 1924 1800 1964 est
1829 1924 1996 1965 duorum
2025 1920 2223 1974 versuum.
2253 1921 2306 1956 -ὲ

158 1990 375 2045 Nymphae
404 1985 680 2029 Libethrides,
711 1997 732 2024 a
764 1986 896 2022 monte
925 1982 1110 2028 Boeotiae
1138 1979 1333 2028 Libethro,
1366 1979 1430 2030 qui
1461 1983 1519 2018 est
1536 1978 1657 2019 Musis
1688 1980 1811 2028 sacer,
1842 1979 1906 2019 vel
1933 1979 2305 2022 Libethrus'ssuvius

157 2049 195 2087 in
225 2045 401 2094 Thracia,
433 2043 497 2082 ubi
525 2040 704 2093 Orpheus
733 2038 898 2078 laniatus
930 2042 1002 2087 est,
1032 2036 1097 2076 ubi
1117 2047 1162 2074 se
1179 2034 1315 2074 Musae
1334 2033 1593 2081 lavabanw)
1632 2031 1708 2072 Alii
1735 2032 1885 2075 fontem
1912 2034 1953 2074 in
1971 2034 2134 2075 Boeotia
2159 2030 2304 2082 dicunt.

158 2113 337 2140 remmus
367 2099 469 2139 dicit.
730 2131 734 2132 ⁷
1455 2111 1459 2115 ·
1577 2118 1579 2121 -
1815 2117 1818 2120 ⁴

289 2156 356 2194 Vs.
387 2151 450 2194 22.
514 2149 644 2195 Quale
671 2160 757 2186 meo
793 2145 932 2185 Codro
964 2151 1001 2186 et
1027 2145 1186 2196 reliqua.
1242 2141 1465 2197 Allegorice
1495 2154 1563 2194 per
1591 2140 1764 2181 Codrum
1793 2142 1875 2183 vult
1901 2135 2152 2184 Theocritum
2180 2145 2302 2186 intel-

157 2211 256 2265 legi,
298 2221 415 2261 quem
452 2208 491 2246 in
528 2204 715 2244 bucolicis
751 2207 911 2242 secutus
951 2207 1022 2242 est.
1089 2200 1232 2239 Aliter:
1271 2210 1341 2249 per
1371 2197 1541 2237 Codrum
1571 2195 1652 2236 vult
1680 2196 1853 2249 intellegi
1880 2197 2032 2238 Elidum
2065 2198 2224 2240 Cinnam
2245 2203 2301 2250 12)

157 2270 332 2319 poetam,
381 2262 430 2302 de
468 2273 546 2312 quo
587 2259 724 2299 melius
755 2257 882 2297 sentit.
947 2255 1122 2296 Codrum
1158 2253 1249 2293 dicit
1290 2252 1450 2293 Cinnam
1472 2253 1525 2298 1θ’)
1565 2255 1603 2290 et
1630 2251 1713 2290 vult
1747 2250 1882 2303 utique
1919 2256 2104 2304 tanquam
2141 2254 2303 2296 lividum

157 2322 443 2362 aestimatorem
475 2315 648 2356 futurum
680 2313 808 2365 operis
839 2312 900 2352 sui
928 2311 1071 2350 invidia
1099 2308 1238 2359 rumpi.
1293 2306 1436 2346 Aliter:
1475 2304 1656 2358 Virgilius
1686 2303 1737 2345 'de
1763 2300 2122 2356 Maevio‘·‚1inimieo
2150 2308 2302 2359 invid0;

157 2376 257 2415 sicut
287 2373 438 2412 Codrus
466 2382 536 2425 pro
564 2368 707 2408 invidia
735 2367 864 2419 periit,
896 2366 953 2405 sic
982 2370 1021 2404 et
1046 2366 1122 2405 iste
1150 2361 1302 2402 invidus
1331 2361 1528 2403 moriatur.
1588 2359 1730 2411 Aliter:
1760 2360 1818 2399 sic
1845 2356 2161 2412 facite‘Caesari,
2186 2357 2301 2415 'quoss

158 2428 274 2470 modo
304 2427 469 2465 Phoebo.
528 2435 781 2463 annonarios
811 2421 912 2462 dicit.
947 2443 996 2450 --
1028 2419 1179 2459 Codrus
1209 2421 1275 2458 aut
1302 2415 1441 2455 nobilis
1471 2416 1598 2467 poeta,
1629 2419 1694 2454 aut
1718 2412 1870 2467 pastor,
1901 2410 2178 2466 quem'laudat
2199 2413 2299 2458 ‘vist-

157 2484 285 2523 ailius.
350 2479 479 2524 Quale
509 2491 594 2517 meo
632 2476 783 2520 Codro,
816 2476 864 2515 de
893 2475 968 2516 alio
997 2479 1126 2527 poeta,
1146 2475 1201 2520 ¹⁴²)
1228 2471 1296 2511 ⁴vel
1314 2469 1362 2510 de
1382 2469 1550 2510 Caesare
1580 2465 1759 2522 dicitjset
1779 2464 2058 2521 petit'Musas
2077 2475 2122 2511 ut
2149 2475 2188 2511 et
2215 2472 2301 2524 ipse

157 2518 210 2580 i⁷ta
239 2537 374 2589 possit.
432 2532 656 2582 Proseima,
687 2532 826 2572 similia
855 2530 1018 2580 Phoebi,
1049 2529 1114 2580 qui
1142 2528 1239 2567 bene
1269 2525 1447 2566 cantavit.
1504 2518 1729 2577 Allegorice
1756 2499 2216 2591 H⁰m⁹¹⁶¹ll¹¹ffi³g¹lffiffl²i
2239 2528 2301 2596 γει

155 2594 332 2646 proxima
357 2588 502 2630 Phoebi
529 2588 706 2627 versibus
733 2588 797 2628 ille
824 2586 928 2635 facit,
960 2584 999 2626 id
1028 2582 1262 2624 est-Caesar
1290 2591 1414 2632 paene
1443 2577 1572 2629 sic[ut]
1601 2577 1740 2637 Apollo
1768 2575 1888 2616 facit.
1912 2599 1939 2613 .·

291 2646 357 2684 Vs.
389 2641 454 2684 23.
522 2639 708 2680 Versibus
737 2640 811 2679 ille
837 2640 959 2691 facit,
991 2651 1061 2691 per
1090 2647 1228 2677 versus
1258 2634 1371 2676 canit.
1427 2633 1537 2683 Aac,
1566 2645 1601 2671 se
1631 2646 1713 2671 non
1738 2623 1956 2688 possum'zlaf
1983 2631 2129 2673 similia
2152 2615 2297 2686 facere,

158 2705 226 2742 aut
253 2701 287 2740 si
315 2710 394 2738 non
423 2697 575 2738 donatis
597 2698 652 2743 15)
683 2695 794 2745 mihi,
831 2699 897 2736 aut
923 2694 957 2735 si
985 2705 1065 2737 non
1093 2691 1233 2732 similia
1273 2700 1414 2730 canere
1442 2691 1602 2740 potero,
1628 2686 1829 2736 ,desistam
1847 2691 1968 2742 'esse'
1991 2685 2146 2739 poetassl
2187 2686 2298 2731 Nunc

157 2765 256 2808 quas
283 2754 381 2794 alius
414 2750 626 2804 respondit.
1196 2754 1198 2756 ·
1705 2783 1709 2786 ,
1793 2787 1794 2790 ¹
1916 2746 1924 2791 ζ
1947 2775 1951 2779 .
2040 2747 2043 2756 ²
2173 2778 2191 2783 ..
2262 2778 2281 2816 'i

290 2905 325 2946 6)
350 2903 452 2937 Cod.:
478 2901 606 2935 sedin.
630 2900 734 2932 litffi.
789 2899 822 2940 ⁷)
849 2897 949 2931 Cod.:
975 2897 1158 2931 muellis.
1215 2897 1251 2939 8)
1277 2895 1377 2930 Cod.:
1402 2893 1626 2938 depolsos.
1681 2892 1715 2934 9)
1748 2891 1934 2936 Legendum
1957 2901 2032 2924 esse
2053 2890 2200 2926 videtur:
2234 2894 2295 2927 sub

160 2960 300 2995 persona
323 2948 501 2991 Corydonis
526 2946 700 2980 Caesarem
725 2944 879 2978 defendit.
927 2944 978 2985 10)
1003 2943 1106 2977 Cod.:
1130 2942 1256 2976 illius
1281 2948 1322 2974 et
1343 2941 1475 2974 illum.
1524 2940 1573 2981 11)
1606 2937 1707 2973 Cod.:
1733 2937 1952 2981 levabant.
2008 2937 2072 2978 ¹²).
2091 2937 2131 2977 In,
2150 2939 2294 2980 epistolis

161 2997 202 3030 ad
238 3006 290 3028 me
325 2996 448 3037 scriptis
485 2991 624 3026 Gai-ol.
657 2990 859 3030 Rothius,
894 2988 1107 3029 Basileensis‚
1138 2990 1186 3022 vir
1219 2987 1414 3021 clarissimus
1449 2984 1589 3028 mihique
1619 2981 1851 3023 amicissimus,
1897 2972 2111 3015 coniectln‘ain
2137 2979 2294 3028 ‘proponit

160 3042 387 3076 certissimam:
411 3038 557 3073 Helvium
582 3036 729 3071 Cinnam.
776 3035 825 3077 13)
853 3034 958 3068 Cod.:
982 3044 1144 3067 unnam.
1192 3034 1242 3074 14)
1265 3031 1367 3065 Cod.:
1393 3030 1592 3074 poetabo.
1641 3029 1691 3070 15)
1715 3026 1819 3062 Cod.:
1845 3024 2062 3062 donantis.
2185 3030 2187 3032 ’
2232 3041 2244 3054 »,
2274 3043 2276 3045 -
