2430 3177
1127 84 1188 130 21

1030 148 1295 167 Μ

85 221 237 260 mantes
274 225 428 257 veneno
463 215 512 255 ab
543 214 654 257 Icaro
690 225 783 256 esse
809 218 1000 266 necatos,
1042 228 1132 257 eum
1161 217 1334 257 lacerum
1372 213 1600 257 occiderunt
1627 220 1667 256 et
1694 215 1863 257 cadaver
1892 219 1977 259 eius
2006 218 2045 258 in
2073 225 2231 271 puteum

84 273 352 328 proiecerunt3
383 272 491 311 canis
520 276 651 311 autem
675 271 761 310 eius
789 278 908 321 (litum
938 272 1112 312 venisset
1130 272 1305 312 Athenas
1337 282 1571 322 quocunque
1601 271 1717 312 modo
1747 272 1971 326 significare
2000 276 2126 327 coepit
2155 277 2232 316 do—

84 328 178 369 mini
209 331 386 367 mortem.
447 327 547 366 Icari
566 327 623 375 ⁸¹)
653 329 782 365 autem
814 324 899 375 filia
923 326 1096 379 Erigone
1126 328 1352 378 suspicione
1381 331 1483 365 tacta
1512 327 1808 367 antecedentem
1839 340 1975 369 canem
2006 336 2142 371 secuta
2163 336 2234 371 est.

85 384 216 432 Quum
245 381 293 421 ad
323 386 484 434 puteum
513 381 687 421 venisset
716 380 1138 433 animadvertissetque
1168 383 1289 434 patris
1319 381 1509 431 cadaver,
1541 383 1699 433 sepelit,
1738 395 1814 434 qua
1843 384 1968 436 potuit
1995 388 2235 438 optavitque,

33 471 45 481 .
85 443 130 480 ut
155 438 235 477 nisi
253 436 516 478 Athenienses
546 435 615 475 ulti
647 439 780 474 essent
806 434 905 476 Icari
936 441 1116 486 mortem,
1149 437 1285 477 eadem
1316 441 1442 476 morte
1460 438 1620 489 periret,
1650 437 1740 478 inde
1769 439 1922 479 silentio
1952 441 2070 480 vitam
2101 440 2236 493 finivit,

86 498 126 534 et
155 504 274 544 quum
306 492 522 544 pestilentia
553 490 776 540 incidisset,
817 501 1051 542 responsum
1084 497 1167 543 est,
1204 496 1383 544 pastores
1423 503 1493 532 eos
1525 504 1691 544 poenam
1734 505 1804 545 pro
1833 494 1907 534 illis
1938 495 2137 536 soluturos
2159 499 2236 546 ⁸²);

83 548 138 591 illi
167 560 289 599 quum
317 552 497 600 pastores
527 547 730 597 punirent,
770 546 990 598 pestilentia
1021 553 1243 588 caruerunt.
1301 547 1416 587 Liber
1444 552 1575 587 autem
1604 559 1776 598 memor,
1806 548 1911 601 quod
1939 561 2011 590 sua
2032 553 2088 599 ⁸³)
2120 562 2238 594 causa

82 602 218 645 Icarus
247 603 382 655 periit,
421 601 537 641 filiam
568 601 652 640 eius
681 601 784 641 inter
814 606 918 642 astra
949 602 1176 654 collocavit,
1209 614 1310 655 quae
1340 608 1399 642 est
1428 603 1560 656 virgo,
1602 603 1767 655 eiusque
1797 616 1952 654 canem,
1986 606 2051 656 qui
2081 607 2236 658 quoties

83 659 209 700 oritur
237 658 324 697 vitis
352 657 540 706 aduritur,
573 657 718 707 quique
747 657 864 697 sirius
894 658 1121 708 appellatur.
1184 657 1388 709 Scorpios
1417 657 1595 712 frigidus.
1653 658 1864 712 Eleganter
1894 659 2077 713 Virgilius
2107 662 2238 702 locum

83 713 302 767 scorpionis
322 711 506 765 Augusto
535 711 712 761 tradidit3
744 710 1073 766 aiunt‘astrologi,
1105 714 1127 754 i.
1152 725 1186 754 e.
1210 713 1407 763 Chaldaei,
1437 714 1684 766 scorpionem
1714 714 1844 754 locum
1868 713 2035 754 duorum
2066 716 2238 758 siderum

82 770 124 811 in
151 767 316 808 zodiaco
345 771 494 817 tenere,
526 771 564 806 et
595 767 634 806 in
662 767 815 817 locum,
847 779 963 819 quem
994 769 1161 820 inprobe
1188 774 1365 822 occupat,
1397 769 1485 809 sine
1510 769 1652 810 iniuria
1682 771 1913 821 cuiusquam
1944 768 2090 811 Caesar
2117 773 2236 813 invo-

84 827 208 865 catur.
265 822 371 862 Bene
401 822 466 862 dat
495 821 677 875 Augusto
706 823 909 876 regionem
938 823 1121 864 iustitiae.
1581 850 1585 853 κ

220 877 287 917 Vs.
318 875 384 919 34.
444 876 541 929 Ipse
571 876 663 921 tibi,
693 878 732 917 in
763 883 872 917 tuum
902 878 1092 918 honorem
1124 879 1395 932 gratiamque3
1428 876 1600 918 brachia
1629 879 1654 919 i.
1677 891 1712 920 e.
1744 879 1901 932 scorpii.
1943 877 2105 918 Ardens
2126 893 2236 919 scor-

77 932 203 986 pius,
242 932 386 974 ardens
425 933 475 974 ad
503 932 598 972 illud
627 932 819 983 refertur,
862 932 1115 985 quia‘Martis
1147 934 1406 985 domicilium,
1447 947 1536 975 nam
1568 939 1723 987 tempus
1764 934 1909 987 scorpii
1947 934 2132 990 frigidum
2164 940 2238 986 est,

81 989 109 1030 i.
140 1001 175 1029 e.
205 988 448 1028 Novembris.
506 985 695 1032 Ardens‚
737 1001 945 1029 commune
983 990 1186 1040 omnibuS,
1228 1002 1276 1030 an
1316 992 1475 1043 proprie
1512 990 1561 1030 ad
1591 991 1776 1042 scorpion
1815 990 2002 1041 refertur,
2044 990 2150 1043 quod
2188 993 2239 1032 sit

81 1043 416 1086 ferventissimum
447 1043 627 1096 signum,
671 1055 720 1082 an
761 1043 903 1083 ardens
925 1047 981 1092 ⁸4)
1011 1045 1204 1084 festinans
1243 1051 1281 1085 et
1321 1047 1481 1098 cupiens
1522 1058 1660 1098 parare
1679 1049 1736 1094 ⁸⁵)
1772 1045 1904 1087 locum
1932 1046 2137 1100 Augusto,
2174 1050 2237 1087 ut:

82 1111 224 1138 manus
254 1099 380 1136 micat
414 1098 574 1136 ardens.
639 1096 855 1136 Candidus
879 1099 952 1148 ⁸⁶),
984 1099 1023 1138 id
1053 1105 1114 1140 est
1145 1100 1282 1150 Sirius,
1315 1102 1381 1151 qui
1411 1101 1518 1140 canis
1548 1101 1701 1140 dicitur.

217 1154 285 1193 Vs.
315 1150 381 1193 36.
445 1152 660 1204 Quicquid
689 1153 794 1202 eris,
833 1153 925 1205 quia
955 1160 1085 1195 cetera
1126 1167 1194 1208 per
1218 1159 1400 1207 parentes
1439 1156 1585 1195 indicta
1614 1160 1717 1195 sunt.
1748 1177 1804 1185 -—
1842 1153 1949 1193 Nam
1978 1160 2020 1195 te
2047 1168 2123 1195 nee
2148 1169 2237 1208 spe-

81 1213 175 1249 rent
191 1212 247 1257 ετ)
278 1212 442 1247 tartara
468 1220 618 1259 reyem,
648 1208 862 1261 allegorice
890 1209 992 1260 dicit,
1022 1210 1131 1249 illum
1161 1221 1240 1249 non
1271 1210 1417 1251 debere
1447 1211 1560 1261 mori,
1590 1211 1654 1252 vel
1682 1211 1784 1250 hene
1811 1222 1945 1263 posse.

217 1264 285 1304 Vs.
316 1262 382 1305 38.
446 1262 638 1308 Quamvis
668 1262 841 1316 Elysios
881 1269 921 1304 et
948 1265 1111 1316 reliqua.
1184 1265 1459 1313 Quaerendum
1491 1277 1540 1306 an
1570 1265 1619 1305 ad
1649 1266 1849 1309 auditores
1882 1265 2079 1317 Graecos,
2109 1277 2160 1306 an
2188 1265 2239 1306 ad

11 1347 15 1353 «
82 1319 212 1361 solum
241 1319 456 1360 Homerum
484 1318 683 1368 retulerit,
725 1320 792 1371 qui
830 1320 869 1359 in
907 1318 1088 1372 Odyssea
1109 1322 1165 1368 ⁸⁸)
1207 1331 1368 1374 campos
1405 1321 1538 1362 laudat
1566 1321 1725 1374 Elysios
1763 1325 1802 1361 et
1830 1319 1930 1362 adeo
1969 1333 2158 1362 amoenos
2179 1324 2236 1372 Β9)

82 1374 208 1425 locos,
240 1386 339 1426 quos
368 1374 595 1428 praetulerit
625 1376 745 1414 amori
775 1375 923 1415 matris.
981 1378 1162 1414 lenimus
1193 1374 1296 1418 dicit.
1323 1405 1326 1407 »

216 1430 283 1469 Vs.
314 1427 379 1470 39.
438 1426 530 1467 Nec
558 1429 741 1479 repetita
769 1430 886 1481 sequi
915 1434 954 1470 et
980 1430 1144 1483 reliqua,
1174 1442 1250 1471 nec
1279 1435 1441 1484 accepta
1468 1430 1656 1472 facultate
1684 1441 1771 1471 eam
1800 1430 1924 1472 voluit
1952 1432 2077 1485 sequi.
2117 1434 2235 1472 Ium-

82 1495 176 1526 mus
206 1484 311 1524 dicit.
371 1483 564 1536 Matrem,
593 1486 617 1524 i.
651 1496 685 1523 e.
718 1483 916 1524 Cererem.
1616 1494 1621 1497 “
2047 1498 2050 1501 ·

217 1540 284 1580 Vs.
313 1538 382 1582 40.
440 1537 513 1577 Da
538 1538 707 1590 facilem
737 1552 919 1584 cursum,
959 1540 1151 1593 poematis
1172 1542 1230 1590 ⁹⁰)
1262 1540 1414 1593 adnue,
1455 1541 1556 1582 fave.
1586 1562 1642 1570 —
1676 1538 1865 1592 Coeptz's‚
1893 1541 2120 1584 verecunde
2147 1542 2239 1583 dicit

83 1594 135 1636 de
161 1595 244 1636 suis
274 1595 436 1638 viribus,
496 1596 653 1633 Ganos
684 1594 786 1635 dicit.

217 1650 283 1690 Vs.
313 1649 379 1691 41.
437 1648 614 1702 Iynaros
651 1651 823 1690 rusticos
861 1650 969 1692 iuva.
1008 1672 1063 1680 —-
1109 1649 1371 1704 lynarosque
1408 1651 1501 1691 viae
1536 1661 1610 1705 pro
1648 1650 1744 1693 artis
1783 1651 1847 1692 vel
1886 1651 2132 1705 traditionis,
2175 1653 2239 1694 vel

82 1705 260 1747 rationis.

153 1780 157 1782 Ἴ
217 1760 283 1800 Vs.
313 1758 380 1801 42.
448 1759 582 1805 Votis,
610 1757 833 1810 sacrificiis,
871 1759 952 1798 iam
980 1772 1108 1805 nunc,
1147 1760 1290 1802 adhuc.
1328 1785 1383 1792 —
1419 1760 1482 1801 Et
1510 1760 1619 1801 votis
1649 1760 1732 1800 iam
1759 1774 1892 1807 mma,
1928 1774 2020 1804 nam
2061 1768 2103 1805 ut
2142 1762 2233 1815 dixi,

83 1813 290 1870 Augustus
322 1815 475 1856 divinos
506 1816 648 1855 meruit
676 1815 884 1867 honores..
919 1818 1103 1855 luamus
1133 1815 1237 1856 dicit.

217 1871 282 1911 Vs.
311 1868 378 1911 43.
447 1869 547 1909 Vere
575 1883 705 1914 novo,
745 1870 960 1923 expositio;
997 1870 1188 1923 yelidus,
1227 1871 1416 1924 frigidus3
1457 1873 1573 1911 canis
1612 1872 1707 1912 uiue
1743 1872 1919 1913 candidis
1948 1885 2107 1926 quoque
2147 1886 2236 1914 cum

82 1935 192 1966 novo
219 1927 366 1966 recenti
397 1926 608 1978 incipiente
634 1937 729 1965 vere
756 1924 794 1964 id
822 1930 886 1965 est
913 1926 1066 1974 Marti0‚
1098 1927 1162 1977 qui
1192 1926 1342 1966 initium
1372 1927 1464 1968 anni
1494 1933 1567 1980 est,
1598 1939 1679 1981 quo
1706 1928 1775 1968 nix
1803 1927 1855 1969 de
1881 1929 2080 1971 montibus
2110 1930 2236 1971 solvi-

81 1985 162 2021 tur.
217 1979 376 2021 Humor
397 1982 467 2032 ⁹1),
494 1981 584 2032 quia
612 1981 681 2020 nix
708 1980 865 2022 humida
894 1981 934 2019 in
961 1981 1160 2021 montibus
1190 1982 1292 2021 solet
1321 1994 1424 2022 esse.

218 2036 284 2075 Vs.
314 2034 380 2076 44.
439 2034 652 2088 Liquitur,
683 2035 778 2085 fluit,
810 2040 940 2077 manat
950 2048 962 2084 ;
990 2036 1184 2088 zephyro,
1213 2036 1339 2077 calido
1368 2041 1499 2078 vento.

217 2091 284 2131 Vs.
313 2089 381 2131 45.
438 2088 666 2142 Depresso,
696 2103 784 2131 cum
811 2090 945 2132 infixo.
977 2113 1028 2120 -—
1066 2090 1247 2135 Taurus,
1277 2094 1450 2146 speciem
1479 2104 1551 2146 pro
1580 2103 1728 2147 genere
1754 2093 1888 2146 posuit
1897 2106 1910 2143 ;
1949 2097 2104 2134 taurum
2133 2094 2237 2135 enim

82 2146 226 2188 bovem
256 2146 370 2198 dicit,
407 2151 472 2187 ut:
506 2145 763 2185 Coelicolum
791 2147 883 2198 reyi
911 2148 956 2186 in
984 2145 1112 2185 litore
1141 2151 1321 2193 taurum,
1350 2148 1417 2188 ubi
1444 2160 1525 2189 non
1551 2149 1627 2189 nisi
1646 2148 1704 2199 ⁹²)
1732 2148 1806 2190 bos
1835 2149 2094 2203 intellegitur,
2120 2154 2234 2191 tauro

83 2202 189 2245 mim
217 2201 299 2242 Iovi
329 2201 561 2243 sacrificium
592 2213 670 2241 non
699 2201 752 2241 fit.
812 2201 994 2242 lemnius
1025 2201 1130 2242 dicit.

222 2257 289 2297 Vs.
319 2255 387 2298 46.
451 2256 596 2302 Sulco,
627 2257 744 2298 aratri
774 2257 907 2308 ductu,
938 2257 1242 2310 splendescere,
1271 2257 1493 2310 splendere,
1523 2262 1566 2298 ut
1594 2259 1806 2310 calescere,
1838 2259 1978 2299 calere.
2003 2281 2058 2289 —
2087 2259 2236 2300 Lucre-

84 2313 164 2354 tius
192 2313 268 2354 ait:
300 2312 469 2351 occulto
500 2313 705 2352 decrescit
723 2313 783 2366 98)
812 2325 948 2352 vomer
977 2314 1023 2352 in
1051 2313 1172 2355 arvis.
1210 2312 1283 2354 Hic
1309 2325 1446 2354 vomer
1475 2318 1514 2354 et
1541 2313 1606 2354 hic
1634 2315 1759 2355 vomis
1788 2319 1828 2355 et
1857 2314 1905 2355 ab
1926 2319 2094 2367 utroque
2119 2315 2234 2357 huius

83 2369 257 2410 vomeris
285 2367 464 2408 dicimus.
495 2390 550 2399 —-

215 2424 283 2464 Vs.
313 2422 380 2464 47.
438 2422 535 2467 Illa,
566 2423 630 2464 illa
658 2428 775 2474 terra,
806 2423 869 2464 vel
898 2424 1027 2477 gleba,
1057 2423 1121 2464 vel
1149 2422 1216 2463 illa
1245 2434 1377 2477 seges.
1407 2445 1461 2454 --
1489 2421 1631 2468 Avari,
1662 2424 1782 2476 parci.

217 2479 285 2519 Vs.
313 2477 381 2520 48.
439 2477 521 2517 Bis
552 2491 657 2530 quae
685 2478 825 2530 solem,
857 2481 1029 2520 calorem
1050 2478 1215 2519 dierum·
1232 2484 1270 2519 et
1289 2479 1474 2519 noctium.
1496 2502 1548 2508 —
1571 2478 1724 2524 Sentit,
1756 2485 1888 2522 arator
1897 2492 1911 2532 ;
1938 2480 2084 2522 indicat
2102 2486 2231 2524 autem

83 2532 145 2575 his
174 2537 352 2588 tempora
372 2536 444 2585 ⁹⁴),
476 2533 618 2585 quibus
647 2535 804 2575 seritur.
2029 2544 2033 2546 ·

218 2589 285 2629 Vs.
313 2587 383 2630 49.
440 2588 576 2639 Illius.
606 2591 712 2642 parci
741 2589 950 2643 agricolae.
979 2611 1034 2620 —-
1065 2587 1300 2640 Ruperunt,
1330 2589 1589 2642 inpleverunt.
1618 2612 1674 2619 -—-

218 2644 284 2684 Vs.
315 2642 380 2684 50.
439 2643 646 2696 Ignotum,
676 2646 910 2686 immensum
921 2658 933 2695 3
960 2645 1102 2696 ferro,
1131 2657 1303 2685 vomere.
1336 2669 1387 2675 —
1422 2644 1553 2690 Quam
1581 2645 1826 2692 scindimus,
1866 2646 1903 2689 id
1932 2653 1994 2689 est
2023 2651 2231 2697 antequam

84 2698 274 2741 faciamus
285 2711 298 2748 3
328 2711 482 2752 aequor
509 2711 580 2752 pro
610 2712 761 2753 campo.
819 2701 891 2741 Hic
919 2700 1162 2753 metaphora,
1194 2703 1289 2739 1816.
1312 2702 1378 2749 ⁹⁵).

215 2754 283 2794 Vs.
313 2753 379 2795 51.
446 2753 612 2794 Varium
642 2755 765 2808 caeli,
794 2756 954 2797 diversa
982 2756 1080 2797 caeli
1108 2760 1231 2808 parte.

214 2912 269 2955 81)
292 2910 397 2946 Cod.:
421 2913 551 2946 morti
574 2912 731 2946 iacal-i.
777 2911 828 2953 82)
853 2910 958 2947 Cod.:
983 2911 1223 2946 soliturus.
1264 2910 1318 2952 83)
1342 2908 1445 2945 θοὰς
1471 2921 1559 2945 suo.
1594 2911 1648 2954 04]
1672 2910 1775 2947 Cod.:
1801 2912 2004 2947 cordens.
2049 2912 2102 2954 85)
2130 2911 2230 2946 Cod.:

82 2967 255 3004 parere.
301 2959 354 3000 86)
378 2957 511 2992 videtur
537 2959 682 2992 scribere
705 2957 867 2993 voluisse:
899 2958 1103 3004 gelidus,
1130 2962 1164 2991 et
1186 2957 1355 2991 adnotatio
1379 2957 1552 2991 referenda
1578 2958 1622 2992 ad
1646 2969 1695 2992 vs.
1719 2956 1774 2993 43.
1829 2959 1882 3000 ⁸⁷)
1907 2957 2013 2992 Cod.:
2039 2965 2230 3001 sperant.

80 3007 136 3043 88)
161 3004 264 3039 coda
288 3004 457 3048 odysia.
511 3005 564 3046 89)
589 3004 691 3039 Cod.:
716 3006 893 3039 nmeios.
949 3005 1002 3047 ⁹⁰)
1029 3003 1132 3039 Gom:
1160 3004 1382 3048 poenatis.
1436 3004 1487 3046 91)
1512 3003 1617 3038 cod.:
1641 3005 1776 3039 Vmor.
1831 3005 1881 3048 ⁹2)
1906 3003 2008 3039 cod.:
2036 3005 2105 3039 ubi
2129 3007 2224 3039 nisi.

83 3050 136 3095 93)
160 3049 264 3086 Cod.:
288 3050 498 3087 deci-erut.
524 3049 689 3086 Uomer.
734 3049 917 3095 mvnda
939 3056 1159 3095 temporo.
1204 3050 1258 3094 95)
1284 3048 1335 3085 cf.
1357 3050 1402 3085 ad
1425 3060 1477 3085 vs.
1498 3047 1556 3086 88.
