2430 3177
1139 101 1200 149 13

232 232 297 274 Vs.
328 231 421 275 291.
480 231 701 276 Aesculus,
741 243 868 286 genus
906 231 1057 274 arboris
1086 229 1400 286 glandiferam,
1440 242 1542 284 quae
1570 231 1660 273 licet
1686 233 1734 274 ab
1764 244 1835 274 esu
1866 233 1970 275 dicta
1998 233 2072 286 sit,
2113 239 2243 276 tamen

100 299 144 329 as
174 299 240 330 era
271 293 341 328 est.

147 300 170 342 p
232 343 299 383 Vs.
330 342 424 385 293.
483 342 662 393 flabra,
695 341 825 383 ssatus,

195 449 201 452 ᾖ
232 398 298 439 νε.
331 398 424 440 295.
486 397 639 437 Secula
668 409 748 438 non
778 398 905 438 solum
937 397 1118 439 dicuntur
1147 396 1300 448 mundi,
1332 396 1404 438 sed
1434 398 1549 438 etiam
1578 398 1842 450 hominum⁷).

234 454 301 493 Vs.
333 452 425 495 296.
490 452 678 491 Tendens
709 453 772 493 vel
801 452 991 505 pandens.
1607 451 1610 454 ’

235 509 302 549 νε.
333 507 426 551 298.
490 507 735 553 cadentem,
763 521 834 561 pro
865 508 1131 558 occidentem,
1169 512 1212 549 ut
1241 507 1496 559 suadentque
1526 509 1722 548 cadentia
1750 510 1889 549 sidera
1924 523 2084 549 somnos
2097 513 2149 559 ⁸).
2174 533 2228 540 -—

234 564 302 607 Vs.
332 562 426 605 299.
484 562 702 613 flagella,
738 576 916 604 summae
947 564 1130 604 arborum
1161 568 1290 615 partes
1320 563 1474 616 flagella
1505 564 1710 615 dicuntur,
1749 565 1796 605 ab
1826 578 1872 605 eo
1904 565 2010 618 quod
2039 570 2247 606 ventorum

100 619 261 660 crebros
292 619 406 660 ssatus
436 620 644 659 sustinent.
675 640 727 647 —
763 617 981 670 corylum,
1013 619 1138 670 coryli
1167 618 1268 658 enim
1287 617 1442 658 radices
1471 619 1548 661 late
1578 625 1809 674 spargentes
1842 625 1881 661 et
1900 626 2045 661 terram
2075 621 2247 661 sterilem

99 673 246 716 faciunt
275 678 314 714 et
342 680 486 714 nocent
515 674 660 714 vitibus
673 674 727 724 ο).

229 729 295 769 νε.
326 726 419 770 300.
482 728 646 768 Summa
668 734 769 781 pete
799 733 838 770 et
865 728 1039 781 reliqua,
1071 740 1200 782 neque
1230 727 1278 769 de
1306 739 1460 770 summa
1490 728 1632 770 arbore
1656 729 1828 782 plantam
1857 731 2017 783 ponito,
2046 743 2176 783 neque
2195 730 2245 771 de
2306 771 2308 776 ,

98 795 252 826 summa
281 785 361 825 vite
377 787 446 834 ¹⁰).

235 840 301 881 Vs.
332 837 426 881 301.
491 838 649 878 Tantus
677 852 791 877 amor
819 843 976 886 terrae,
1007 839 1244 887 obscurem)
1275 836 1393 889 dixit,
1425 843 1466 879 ut
1486 839 1618 880 statim
1639 842 1861 893 germinent
1871 855 1882 890 3
1914 841 2068 879 semina
2097 840 2249 893 plantas

97 893 243 936 vitium.
277 917 328 924 —
364 893 519 934 Tantus
550 908 663 933 amor
692 899 850 942 terrae,
881 908 968 936 cum
998 895 1130 934 radice
1151 894 1369 947 deponere,
1400 899 1443 934 ut
1474 897 1603 935 statim
1634 898 1867 948 germinent.
1887 919 1942 925 —-
1977 894 2137 940 Tamo,
2170 895 2247 935 he-

97 948 258 999 deram,
291 950 330 990 id
361 955 422 990 est
450 951 620 991 obtunso
650 950 868 1000 seminare,
901 962 979 1001 quo
1008 950 1107 990 vites
1140 951 1269 1002 potius
1300 955 1540 1000 quassantur
1569 962 1685 1001 quam
1715 956 1912 1003 putantur.

229 1006 296 1048 Vs.
329 1003 422 1046 302.
485 1005 673 1055 Semina,
705 1006 856 1058 plantas
887 1006 1035 1046 vitium.
1091 1003 1205 1044 Neve
1235 1003 1374 1051 oleae,
1403 1017 1483 1045 non
1511 1005 1588 1046 sint
1616 1007 1656 1046 in
1686 1006 1897 1055 medion).

228 1060 295 1100 νε.
327 1058 422 1101 303.
481 1059 690 1105 lacuatis,
721 1060 1048 1114 neglegentibus,
1081 1062 1184 1101 circa
1215 1060 1288 1100 alia
1319 1060 1536 1113 occupatis,

229 1115 298 1156 νε.
327 1113 422 1156 307.
490 1115 658 1160 Victor,
688 1116 804 1169 ignis.
836 1140 888 1145 -—
921 1115 1112 1168 Refflzat,
1143 1115 1326 1168 quoniam
1355 1116 1504 1166 victor,
1535 1114 1625 1156 ideo
1655 1121 1817 1170 regnat,
1850 1118 2034 1169 quoniam
2056 1116 2250 1157 victorum

98 1175 160 1213 est
187 1183 231 1212 re
261 1182 370 1210 nare.

231 1184 298 1266 gs.
327 1223 422 1267 308.
481 1224 634 1264 Nemus
664 1233 736 1279 pro
757 1225 878 1275 silva3
910 1230 951 1264 et
980 1226 1067 1264 ruit
1088 1225 1135 1266 ab
1158 1225 1303 1274 imo13)
1336 1226 1474 1266 emittit
1504 1230 1541 1265 et
1562 1238 1679 1266 ruere
1708 1226 1815 1267 facit.
1837 1248 1889 1257 —
1918 1226 1975 1267 Ne
2001 1231 2041 1266 et
2070 1226 2155 1265 ruit
2175 1225 2251 1266 ad-

96 1280 337 1331 notandum,
371 1280 478 1333 quod
509 1293 650 1321 nemus
681 1280 823 1321 dixerit
852 1282 929 1321 ruit
959 1294 1047 1321 cum
1078 1281 1125 1322 ab
1155 1281 1233 1321 imo
1263 1281 1353 1322 loco
1385 1281 1557 1333 expellit.

231 1337 296 1376 Vs.
327 1334 422 1377 309.
487 1335 679 1380 Crassus,
710 1337 812 1389 ignis
845 1346 1020 1378 crassus,

233 1392 300 1432 Vs.
332 1389 425 1433 310.
484 1390 522 1430 A
554 1392 707 1431 vertice
742 1392 782 1432 id
812 1396 872 1432 est
902 1405 925 1433 a
954 1391 1243 1445 septentrione,
1274 1394 1336 1431 ut:
1374 1390 1520 1443 inqens
1561 1404 1587 1430 a
1618 1392 1770 1431 vertice
1806 1397 1963 1444 pontus
2003 1393 2045 1430 ιἰι
2071 1391 2251 1443 puppim

95 1445 223 1498 ferit,
253 1446 292 1487 id
319 1452 380 1486 est
409 1460 430 1487 a
460 1447 741 1500 septentrione.

232 1502 299 1542 Vs.
330 1499 424 1543 311.
483 1502 657 1546 Ferens,
686 1502 869 1550 ssans¹⁴).
961 1552 964 1555 Ι
1595 1527 1597 1529 -

233 1557 299 1597 νε.
330 1554 425 1597 312.
485 1556 584 1595 Hoc
612 1555 710 1608 ubi,
738 1556 971 1597 subauditur
1000 1555 1221 1609 contigerit.
1251 1577 1306 1584 —-
1345 1554 1521 1600 Valent,
1552 1554 1687 1597 silvae.

232 1612 299 1653 Vs.
331 1610 425 1653 314.
484 1611 668 1663 Infelioe,
709 1624 799 1652 cum
827 1616 1069 1663 exsequutus
1101 1616 1264 1650 truncos
1294 1609 1423 1650 olivae
1451 1611 1563 1661 ferit,
1607 1611 1684 1651 iam
1715 1611 1788 1652 etsi
1817 1616 2049 1651 renascatur
2076 1615 2254 1652 naturam

100 1679 213 1709 suam
241 1668 345 1708 mole
373 1671 523 1708 astrum
553 1667 680 1709 vertit.
709 1688 763 1696 —
805 1665 1015 1718 Superat,
1053 1669 1258 1718 superest,
1301 1669 1364 1705 ut:
1411 1665 1526 1711 Quid
1550 1679 1659 1717 puer
1686 1663 1915 1711 Ascanius,
1952 1671 2175 1719 superatne
2215 1670 2254 1704 et

22 1730 25 1737 ‘
98 1724 281 1763 vescitur
310 1736 412 1761 aura
426 1726 495 1772 ¹⁵).

232 1778 299 1818 Vs,
329 1776 424 1819 315.
482 1775 574 1815 Nec
603 1775 684 1815 tibi
713 1780 752 1816 et
779 1776 940 1828 reliqua.
1001 1776 1113 1816 Nunc
1143 1776 1259 1828 dicit,
1290 1788 1370 1830 quo
1399 1780 1577 1830 tempore
1606 1775 1814 1829 ponendae
1842 1777 1920 1817 sint
1949 1777 2064 1818 vites.

231 1833 298 1873 Vs.
330 1831 424 1874 316.
487 1830 706 1875 Gelidum,
737 1832 800 1871 alii
831 1831 995 1884 rigidam
1010 1835 1079 1880 1ὃ).

231 1888 299 1928 νε.
330 1885 424 1929 317.
486 1887 627 1934 Rura,
658 1887 803 1938 optima
834 1887 897 1927 ait.

232 1943 299 1983 Vs.
329 1941 423 1984 318.
488 1941 756 1986 Concretam,
787 1941 899 1993 quasi
928 1946 1079 1995 guttam
1111 1941 1319 1994 quandam.

231 1998 298 2038 Vs.
328 1996 422 2039 319.
483 1996 694 2046 lementi,
723 1997 886 2038 floribus
916 1996 1147 2050 splendido,
1183 1997 1247 2038 vel
1273 1998 1429 2038 rubenti
1459 1996 1508 2039 ad
1539 1996 1790 2038 serenitatem
1819 1998 1952 2039 retulit
1990 2009 2067 2039 non
2099 1997 2148 2037 ad
2178 2009 2254 2039 co-

99 2055 290 2102 lorem1'1)
320 2053 520 2095 soliorum.
612 2089 617 2095 .
668 2093 670 2095 ,
2075 2085 2077 2087 ,

234 2109 299 2150 νε.
330 2106 425 2150 320.
489 2106 707 2157 Candida,
737 2106 825 2147 alba
835 2120 848 2155 3
880 2107 990 2154 avis,
1021 2105 1193 2155 ciconia3
1225 2107 1383 2159 invisa,
1412 2107 1578 2158 infesta,
1607 2107 1698 2159 quia
1729 2113 1932 2161 serpentes
1960 2107 2180 2149 manducat.

233 2163 300 2205 Vs.
332 2161 430 2205 321.
487 2163 683 2215 Rapidus
714 2161 800 2206 sol,
831 2162 922 2214 quia
951 2162 1163 2202 vehemens
1196 2166 1235 2201 et
1264 2161 1474 2203 humorum
1504 2174 1579 2204 suo
1609 2174 1755 2217 vapore
1784 2163 1959 2216 rapidus.

232 2219 299 2260 Vs.
333 2217 428 2260 322.
487 2217 685 2257 Nondum
715 2216 900 2261 hiemem,
933 2217 1147 2258 autumnali
1177 2219 1365 2270 tempore.
1709 2244 1731 2263 .

231 2275 299 2315 Vs.
331 2271 425 2315 324.
484 2272 696 2319 Poscant,
725 2272 764 2312 id
793 2277 853 2312 est
883 2277 964 2312 tum
997 2274 1082 2313 erit.

231 2329 299 2370 νε.
325 2327 419 2371 325.
486 2326 585 2367 Tum
617 2332 746 2380 pater
776 2328 1034 2378 omnipotens
1066 2331 1105 2367 et
1132 2326 1304 2379 reliqua5
1344 2327 1485 2368 dicitur
1512 2327 1615 2367 enim
1646 2326 1817 2380 Iuppiter
1848 2327 1983 2368 aether
1998 2329 2054 2379 18)
2097 2333 2136 2368 et
2171 2328 2255 2367 eius

149 2383 246 2425 niux
275 2389 393 2435 terra,
426 2396 516 2424 cum
548 2383 754 2424 cubuerint
785 2387 878 2423 tunc
909 2387 1013 2423 terra
1043 2382 1192 2422 fructus
1224 2382 1453 2423 mortalibus
1483 2382 1659 2436 proferat
1668 2395 1681 2433 3
1711 2387 1815 2423 terra
1845 2382 2008 2437 frigida,
2053 2382 2255 2430 aether¹⁹)

101 2439 264 2482 calidus.
325 2439 432 2481 Caeli
462 2441 578 2481 etiam
611 2450 776 2479 uxorem
805 2442 950 2478 terram
979 2437 1055 2479 dici
1085 2438 1195 2477 testis
1227 2442 1288 2478 est
1319 2440 1470 2478 vanno.
1528 2440 1709 2478 {omnus
1741 2437 1843 2479 dicit.

235 2619 270 2660 ⁸)
296 2618 551 2663 glandifera
575 2628 732 2663 aquae.
778 2620 811 2656 ¹1)
835 2616 980 2650 Amanu
998 2627 1064 2650 rec.
1081 2616 1293 2659 adscriptum.
1339 2615 1375 2658 8)
1400 2614 1484 2648 Aen.
1500 2615 1543 2658 11,
1560 2614 1593 2650 9.
1628 2615 1715 2650 Inter
1738 2617 1841 2650 lineas
1867 2627 1886 2650 a
1910 2627 1995 2651 man.
2020 2626 2085 2649 rec.
2107 2616 2148 2648 ad
2166 2626 2258 2648 voce.

99 2663 153 2698 ad
176 2664 314 2698 solem
339 2671 530 2708 vergant
562 2665 780 2707 adscriptum:
817 2662 982 2697 Contra
1007 2662 1343 2696 occidentalem
1376 2661 1568 2705 plagam,
1602 2662 1679 2696 sed
1704 2664 1847 2706 potius
1873 2663 1923 2696 ad
1948 2664 2163 2696 orientem
2189 2661 2257 2694 vel

100 2715 308 2744 austrum.
346 2711 379 2752 9)
395 2710 432 2743 In
447 2711 629 2754 margiuea
647 2719 815 2743 mamrec.
833 2709 1030 2752 adscriptum
1050 2714 1119 2742 est:
1146 2707 1334 2752 Corylus
1357 2709 1519 2742 nociva
1543 2713 1609 2741 est
1633 2709 1831 2750 vitibus,
1855 2709 1967 2742 unde
1991 2710 2031 2741 in
2057 2707 2257 2740 coturnis

98 2756 286 2791 veribus
312 2757 436 2799 capri
462 2767 619 2790 carnes
643 2754 972 2800 coquebantur,
997 2757 1098 2798 quia
1122 2755 1295 2787 nimium
1322 2764 1456 2797 caper
1479 2753 1648 2787 vitibus
1672 2754 1873 2788 infestus
1899 2759 1963 2788 est
1990 2752 2054 2797 [cf.
2081 2752 2198 2796 Georg.
2217 2752 2258 2791 11,

99 2799 198 2846 396.]
236 2802 284 2843 10)
310 2802 444 2836 vitae.
494 2802 542 2843 11)
569 2802 796 2835 obscurae.
845 2801 894 2842 12)
920 2801 955 2834 In
981 2802 1127 2843 margine
1152 2810 1170 2833 a
1190 2810 1286 2835 manu
1303 2799 1716 2843 recentioreadscriptum:
1743 2799 1957 2834 oleaster
1981 2809 2060 2831 non
2087 2798 2259 2841 quidem

100 2852 170 2882 est
194 2849 397 2880 nocivum
422 2847 611 2889 vitibus,
642 2847 717 2881 sed
753 2847 866 2891 quod
891 2858 940 2880 ex
965 2858 1010 2879 se
1035 2849 1133 2889 ipso
1158 2847 1299 2889 ignem
1324 2851 1535 2890 generat,
1567 2847 1603 2879 si
1638 2857 1728 2879 cum
1755 2847 1896 2887 oliva,
1933 2845 2120 2887 ideoquc
2150 2844 2259 2876 dicit

99 2903 184 2926 non
210 2893 376 2926 debere
401 2893 610 2936 plantare
634 2895 753 2927 inter
777 2893 912 2933 vites,
937 2892 1049 2937 quod
1075 2891 1317 2935 aliquando
1342 2897 1478 2925 totum
1504 2902 1652 2924 nemus
1677 2893 1824 2926 exurit
1845 2892 2009 2925 vitium.
2043 2891 2092 2931 13)
2111 2890 2254 2922 abimi.

99 2938 151 2981 14)
176 2939 263 2972 Inter
287 2938 390 2972 lineas
417 2939 618 2982 adscriptum
643 2950 663 2972 a
687 2949 785 2972 manu
810 2940 950 2971 recenti:
984 2938 1152 2982 glomus
1176 2947 1306 2980 spera
1332 2936 1445 2981 [spira]
1472 2948 1520 2971 ex
1545 2937 1667 2979 filis,
1701 2937 1815 2970 unde
1840 2937 2092 2981 glomerare
2117 2935 2255 2968 coad-

99 2995 249 3018 unare.
297 2985 345 3027 15)
369 2984 454 3018 Aen.
478 2984 540 3026 111,
566 2982 646 3019 339.
694 2985 745 3026 16)
770 2983 806 3016 In
831 2994 927 3017 versu
952 2985 1023 3028 ipso
1048 2983 1263 3026 regimim,
1295 2983 1355 3016 sed
1387 2983 1429 3016 ab
1461 2983 1577 3017 eadem
1606 2993 1704 3016 manu
1730 2989 1779 3016 est
1804 2984 1835 3015 in
1861 2983 2007 3027 margine
2031 2981 2246 3023 adscriptum:

100 3030 304 3075 gelidam.
352 3029 638 3072 mentorem.
686 3030 737 3073 18)
762 3028 930 3063 haeter.
979 3030 1028 3072 19)
1053 3029 1220 3063 aehter.
