2430 3177
1222 98 1288 145 28

318 234 385 273 Vs.
417 230 509 274 346.
579 230 754 271 Vulcani
785 227 1020 282 Martisque
1049 229 1174 270 dolos
1205 236 1246 270 et
1274 230 1421 269 dulcia
1446 232 1586 283 farta,
1617 229 1730 271 dolos
1759 231 1810 272 ad
1838 231 2070 282 Vulcanum,
2100 231 2204 274 furta
2235 233 2332 274 dul-

187 292 246 331 cia
276 289 321 329 ad
353 289 514 328 Martem
544 286 764 335 referenda,
802 286 908 338 quod
938 286 1030 327 Sole
1054 286 1253 327 indicente
1282 286 1387 326 Mars
1418 298 1487 338 per
1506 287 1698 326 Venerem
1729 292 1768 327 et
1797 292 1921 335 artem
1948 288 2113 328 Vulcani
2141 287 2332 341 religatus

187 350 245 384 est
276 346 435 385 cateniS.
470 367 517 371 —-
548 340 708 379 Dulcia
736 343 876 393 farta,
907 342 996 393 quia
1026 354 1138 382 amor
1169 341 1417 383 dulcedinem
1447 342 1634 382 maiorem
1665 341 1831 382 adulteri
1861 354 1979 394 quam
2006 343 2135 383 mariti
2162 342 2295 387 habet.

318 400 384 439 Vs.
415 396 509 439 347.
579 396 652 435 Vel
686 394 824 441 Chao,
856 396 903 437 ab
934 397 1055 436 initio.
1087 418 1140 426 —
1177 396 1315 444 Chao,
1344 409 1446 449 quae
1458 400 1513 446 ⁸⁵)
1545 396 1699 438 amabat
1726 397 1963 451 Apollinem,
1995 409 2046 437 ex
2075 409 2154 450 quo
2184 408 2330 440 susce-

187 456 239 508 pit
267 454 386 494 filium
414 453 661 501 Aristaeum3
694 456 731 491 et
761 451 925 492 deorum
955 463 1110 492 amores
1140 453 1336 493 narrabat.

256 546 263 549 .
318 510 384 548 Vs.
416 505 509 548 348.
573 506 785 550 Carmine,
817 507 1027 558 amatorio,
1060 513 1234 560 captae,
1265 506 1480 561 nymphae,
1508 506 1640 557 fusis,
1671 506 1825 548 fucatis.
1850 530 1905 536 —-
1933 505 2095 552 Pensa,
2125 517 2259 561 opera.

317 565 381 603 Vs.
414 561 508 603 349.
567 561 831 611 Devolvunt,
862 567 1014 613 rotant,
1048 568 1154 603 nent.

293 619 384 658 ‘Vs.
416 616 509 658 351.
572 617 659 656 Sed
688 621 784 655 ante
814 617 943 661 alias,
974 619 1086 669 quasi
1114 618 1244 658 velox.
1300 615 1508 655 Arethusa
1535 616 1584 656 de
1611 616 1745 669 Lydia.
1759 620 1814 666 ss)

314 674 381 713 Vs.
412 670 505 713 353.
565 671 625 712 Et
652 671 806 724 procul
834 673 898 714 ait.
959 673 1098 714 Procul
1130 673 1208 713 duo
1238 671 1453 726 siguificat,
1485 672 1525 712 id
1555 677 1615 712 est
1642 685 1766 726 prope
1796 679 1834 714 et
1862 673 2007 726 longe,
2045 672 2216 723 frustra,
2248 683 2331 712 ,ne-

213 730 275 770 uic
305 741 393 768 uani
411 729 467 777 ξζ’)
1011 733 1013 737 ’
1967 749 1972 756 -

186 742 209 782 q
278 742 381 823 qu.
413 781 505 823 354.
570 780 748 834 Cyrene,
787 782 836 822 de
867 782 1160 832 Thessalia⁸⁸);
1202 794 1318 822 soror
1347 781 1563 822 honorifice
1592 781 1685 823 dicit
1724 787 1883 836 propter
1912 782 2077 823 similem
2107 781 2332 836 potentiam.

186 862 238 867 ——
276 836 364 876 Tua
390 838 574 878 maxima
605 850 727 880 cara,
760 849 875 888 quem
905 837 1113 890 plurimum
1147 837 1289 890 diligis.
2307 879 2318 881 i

316 894 382 932 Vs.
414 890 508 933 355.
575 890 726 930 Tristis
756 891 995 941 Aristaeus,
1026 893 1129 940 hene
1160 892 1256 932 dixit
1291 892 1466 942 tristem,
1506 896 1549 932 ut
1579 892 1705 945 magis
1743 890 1907 934 matrem
1945 891 2150 933 sollicitam
2178 890 2330 931 reddat.

189 947 421 991 (ianitoris,
462 948 645 987 lusimus
685 947 777 986 dicit
802 958 882 985 non
909 948 971 987 sui
1000 948 1189 1000 genitoris
1225 946 1297 987 sed
1335 947 1469 987 matris
1482 949 1538 998 ³⁹)
1570 946 1756 999 Cyrenes.
1794 970 1848 977 —
1883 945 2036 999 Penei,
2073 947 2232 1000 proprie
2259 957 2331 1000 pro

185 1004 415 1057 appellativo
444 1005 565 1044 utitur
595 1001 730 1041 dicens
759 1000 904 1039 Penei.
1552 1021 1556 1031 .

316 1059 383 1097 Vs.
414 1055 507 1099 356.
567 1055 627 1096 Et
657 1061 698 1095 te
737 1056 959 1100 crudelem,
999 1056 1153 1097 tardum
1193 1057 1490 1098 misericordiae
1528 1068 1654 1111 genus
1694 1062 1776 1108 est,
1815 1068 1863 1098 eo
1901 1062 2079 1109 tempore
2107 1056 2330 1106 subvenire,

185 1127 262 1167 quo
293 1113 463 1153 crudelis
494 1113 668 1165 coeperit
695 1112 831 1152 audiri.
888 1109 1067 1150 Nomine
1096 1112 1227 1162 dicit,
1258 1112 1436 1166 appellat.

314 1169 381 1207 Vs.
413 1166 523 1209 357(
566 1167 700 1211 Huic,
731 1166 912 1208 Aristaeo
942 1167 1005 1207 vel
1034 1166 1267 1208 Arethusae.
1302 1189 1349 1196 -
1380 1165 1526 1212 Nova,
1556 1179 1712 1221 magna,
1742 1172 1785 1209 ut
1797 1170 1876 1216 ⁹⁰):
1905 1164 2053 1205 Pollio
2081 1170 2122 1204 et
2150 1166 2242 1217 ipse
2265 1165 2330 1216 fa-

184 1225 241 1262 cit
272 1237 377 1262 nova
404 1225 597 1261 carmina.
1324 1232 1327 1233 ’

315 1279 382 1318 Vs.
412 1276 506 1319 358,
564 1276 739 1321 Divum,
770 1277 807 1316 id
840 1281 900 1316 est
929 1289 1085 1327 eorum,
1118 1277 1222 1317 unde
1251 1282 1368 1317 natus
1399 1282 1470 1317 est.
1623 1284 1626 1286 ·
2098 1286 2119 1295 ..

317 1334 383 1373 Vs.
414 1330 508 1374 360.
568 1332 783 1376 Flamina,
815 1344 918 1384 quae
949 1331 1001 1373 illi
1032 1344 1110 1372 non
1139 1335 1409 1385 paterentffl),
1440 1331 1515 1372 nisi
1540 1332 1606 1373 illa
1635 1332 1839 1373 voluisset.
1870 1354 1925 1361 -—
1953 1329 2012 1371 At
2040 1331 2104 1372 vel
2123 1330 2179 1370 ad
2197 1329 2329 1380 illum,

185 1387 420 1429 Aristaeum.

315 1444 378 1483 Vs.
411 1441 503 1484 361.
564 1442 676 1483 Hunc
705 1454 864 1482 versum
895 1455 945 1483 ex
974 1442 1133 1483 Hesiodi
1164 1441 1379 1493 γυναικῶν
1406 1440 1631 1498 καταλόγῳ
1643 1442 1702 1493 ⁹²)
1735 1443 1948 1484 transtulit.

315 1499 382 1538 Vs.
413 1495 506 1539 364.
567 1496 726 1540 Lacus,
759 1498 866 1537 lacus
898 1503 990 1538 sunt
1018 1498 1185 1538 fontium
1215 1503 1254 1538 et
1280 1498 1489 1538 fluviorum
1517 1497 1778 1551 receptacula.
2008 1505 2010 1507 ·

316 1555 381 1593 Vs.
412 1551 506 1593 366.
571 1551 722 1590 Omnia
753 1558 789 1592 et
818 1554 928 1604 reliq.
960 1553 1092 1594 intulit
1120 1557 1260 1605 poeta,
1293 1565 1395 1604 quae
1423 1553 1614 1592 naturalia
1644 1558 1737 1594 sunt
1766 1552 2051 1602 iniracula,*ut
2078 1549 2261 1591 ostendat
2289 1550 2329 1590 in

184 1608 431 1699 inferffribus
464 1608 593 1648 omnia
622 1607 832 1649 structiora
862 1620 963 1648 esse.
994 1608 1101 1648 Haec
1129 1620 1208 1648 non
1238 1608 1453 1657 licentiass)
1484 1608 1638 1661 poetica
1668 1612 1771 1658 sunt,
1794 1607 1946 1649 sed0ex
1964 1606 2169 1661 Aegyptiis
2189 1609 2330 1647 tracta.-

184 1685 236 1693 -—
276 1673 279 1677 ¹
312 1675 427 1714 erra,
457 1675 552 1714 ripa.
1309 1700 1318 1704 ,

311 1719 383 1766 ys.
415 1715 508 1758 367.
567 1713 759 1760 Phasim,
806 1715 951 1757 flumen
993 1716 1178 1769 Scythiae
1215 1717 1255 1758 id
1292 1723 1353 1758 est
1389 1715 1600 1758 Colchidis.
1642 1739 1696 1746 —
1735 1715 1914 1771 Lycum,
1952 1717 2094 1758 fluvius
2133 1715 2327 1757 Arcadiae

182 1774 245 1814 vel
275 1773 405 1812 Asiae.

314 1828 380 1867 Vs.
413 1824 506 1868 368.
564 1825 784 1878 Erumpit,
812 1826 924 1866 tollit.
954 1848 1009 1856 —
1038 1825 1252 1877 Enipeus,
1283 1826 1425 1867 fluvius
1455 1824 1693 1867 Thessaliae.
1707 1824 1777 1875 ⁹⁴)

313 1883 379 1922 Vs.
410 1880 504 1923 369.
567 1880 807 1933 Tiberinus,
837 1881 978 1921 fluvius
1008 1881 1153 1921 Italiae.
1212 1880 1374 1920 Aniena
1398 1882 1577 1933 fluenta,
1608 1881 1708 1923 Anio
1739 1882 1874 1922 Italiae
1901 1882 2058 1923 fluvius,

315 1938 381 1977 Vs.
412 1934 505 1977 370.
566 1935 783 1989 Hypanis,
815 1936 980 1986 fluvius,
1010 1936 1146 1976 forsan
1175 1935 1320 1978 Italiae.
1380 1936 1545 1990 Mysus,
1575 1936 1717 1979 fluvius
1748 1937 1934 1978 Moesiae.

317 1993 383 2031 Vs.
413 1989 507 2032 371.
567 1990 626 2030 Et
655 1991 843 2043 yemina,
874 1991 986 2039 deest
1014 1991 1131 2031 unde.
1217 2018 1219 2021 -

316 2048 381 2087 Vs.
411 2045 505 2088 372.
562 2046 778 2085 Eridanus
809 2051 847 2086 et
874 2046 983 2098 reliq.
1014 2046 1230 2091 Eridanus,
1262 2047 1328 2100 qui
1357 2051 1395 2088 et
1422 2047 1570 2098 PaduS,
1601 2047 1692 2088 ideo
1723 2047 1780 2089 sic
1806 2046 1987 2089 laudatur
2017 2057 2089 2088 seu
2118 2045 2222 2099 quod
2243 2046 2324 2087 ssu-

189 2103 338 2143 viorum
368 2101 500 2142 ltaliae
529 2102 578 2142 sit
609 2102 823 2151 maximus,
855 2113 928 2141 seu
957 2101 1064 2152 quod
1092 2108 1276 2154 receptus
1306 2102 1358 2142 sit
1385 2103 1425 2142 in
1455 2103 1577 2143 caelo.

317 2158 382 2196 Vs.
413 2154 506 2198 373.
566 2155 615 2194 In
644 2168 771 2200 mare,
802 2156 842 2196 in
868 2155 1109 2196 Adriaticum
1136 2169 1244 2197 mare
1279 2157 1389 2198 iuxta
1417 2157 1642 2198 Ravennam
1670 2156 1764 2198 fluit.
1797 2180 1848 2186 —
1879 2155 2139 2211 Purpureum
2168 2156 2325 2210 epithe-

188 2219 254 2253 ton
285 2212 479 2253 Graecum
508 2216 591 2259 est3
617 2223 892 2262 pnrpuream,
920 2212 1100 2265 nigrum,
1133 2213 1224 2264 quia
1252 2224 1493 2265 purpureum
1522 2213 1679 2266 nigrum
1707 2216 1779 2252 est.

318 2267 382 2306 Vs.
411 2264 504 2307 374.
564 2264 756 2309 Pumice,
787 2266 926 2318 lapide.

318 2322 383 2361 Vs.
414 2319 509 2361 375.
566 2319 693 2364 Nati,
722 2320 903 2361 Aristaei.
962 2319 1110 2359 Inanes
1138 2333 1244 2362 nunc
1272 2323 1381 2363 leves
1412 2325 1452 2363 et
1481 2322 1547 2374 qui
1577 2323 1691 2362 matri
1719 2322 1899 2375 imputari
1928 2335 2007 2365 non
2035 2328 2216 2376 possunt.

316 2377 382 2415 Vs.
412 2373 506 2417 376.
570 2373 763 2414 Manibus
794 2379 832 2415 et
860 2375 971 2427 reliq.
1000 2377 1073 2416 rite
1101 2377 1321 2418 secundum
1350 2389 1500 2419 morem
1529 2378 1745 2430 epularum.

319 2431 384 2470 Vs.
415 2428 508 2471 377.
571 2428 817 2480 Germanae,
849 2442 1020 2471 sorores.

319 2485 384 2524 Vs.
415 2483 508 2526 378.
567 2483 814 2535 Reponant,
844 2497 964 2537 saepe
993 2485 1163 2527 offerunt
1187 2487 1250 2528 vel
1278 2491 1511 2541 proponunt.
1568 2486 1785 2540 Reponere‚
1815 2487 1956 2527 iterum
1985 2498 2133 2540 ponere
2159 2492 2226 2528 aut
2254 2500 2325 2530 re-

191 2539 380 2589 condere,
412 2540 513 2580 sicut
541 2539 581 2578 in
613 2539 900 2580 consuetudine
929 2540 1108 2581 dicimus.
1817 2580 1824 2594 ,

257 2649 264 2657 .
318 2594 385 2633 Vs.
415 2593 505 2657 379.
565 2592 822 2647 Panchaeis,
852 2594 1054 2647 Arabicis,
1083 2601 1172 2636 ture
1201 2597 1365 2648 conatis,
1396 2601 1440 2637 ut
1466 2596 1540 2637 ibi:
1572 2600 1744 2648 totaque
1773 2596 1960 2647 turiferis
1989 2594 2210 2636 Panchaia
2224 2597 2326 2649 pin-

189 2661 283 2700 yutS
315 2661 464 2686 arems.

318 2806 371 2847 85)
398 2810 486 2849 que.
535 2805 589 2846 86)
612 2804 646 2837 In
674 2809 759 2837 textu
786 2803 929 2847 Virgilii:
967 2807 1252 2849 opstipuere,
1284 2807 1317 2840 in
1348 2805 1495 2848 margine
1526 2814 1586 2848 pro
1621 2815 1692 2838 var.
1729 2805 1803 2838 lect.
1837 2805 2053 2849 adscriptum:
2085 2807 2321 2842 exsiluere.

187 2851 238 2892 87)
263 2853 535 2896 nequiquam.
580 2850 632 2891 88)
661 2850 702 2883 th
717 2850 868 2884 esalia.
915 2851 968 2891 89)
993 2853 1219 2895 genitoris
1253 2852 1404 2885 matris
1437 2850 1512 2884 sed
1536 2852 1724 2893 cyrenis,
1771 2853 1823 2888 90)
1848 2850 1962 2896 Eclog.
1986 2851 2039 2894 111,
2063 2850 2120 2886 86.
2166 2853 2218 2894 91)
2243 2863 2324 2896 pa-

190 2902 391 2931 terentur.
437 2896 488 2938 92)
512 2896 548 2929 In
572 2895 646 2929 cod.
672 2895 840 2929 hesiodi
872 2905 1070 2939 gynecon
1103 2897 1155 2931 vel
1186 2907 1359 2942 gyneon
1390 2896 1632 2930 transtulit.
1659 2895 1755 2936 Quod
1780 2898 1919 2930 sirecte
1943 2897 2135 2939 emendavi,
2167 2897 2232 2931 hoc
2255 2899 2324 2932 fra-

188 2948 351 3028 gnienktlum
387 2941 604 3021 aldiiciendum
638 2946 689 2975 est
729 2941 918 2985 fragmentis
968 2940 1052 2984 140.
1100 2953 1185 2987 quae
1234 2943 1330 2977 huius
1368 2941 1508 2986 catalogi
1548 2941 1792 2977 Marckscheffel
1833 2943 1975 2987 collegit.
2038 2944 2089 2985 93]
2130 2943 2323 2981 liceune.

187 2991 220 3019 ⁹4
263 2993 275 3021 t
312 2999 384 3022 esa
415 2990 498 3023 iae.
