2430 3177
1195 71 1228 115 2

896 214 1010 287 Aa
1039 235 1264 303 eclog.
1314 232 1532 286 VIII.

279 353 384 393 Haec
413 349 549 402 ecloga
578 348 618 388 in
647 346 839 386 honorem
868 343 994 386 Asinii
1024 346 1230 398 Pollionis,
1261 345 1324 386 vel
1352 345 1418 385 filii
1448 345 1533 385 eius
1563 343 1737 386 Salonini
1767 344 1911 397 scripta
1942 349 2014 394 est,
2042 349 2086 385 ut
2112 344 2220 386 aiunt
2237 346 2291 396 ¹),

147 414 185 449 et
213 406 420 461 allegorice
441 402 633 443 Caesaris.
673 401 716 440 In
736 400 809 441 hac
830 400 968 453 ecloga
997 413 1191 453 personae
1221 401 1322 442 duae
1351 406 1526 441 veterum
1550 405 1750 452 pastorum
1779 399 2030 439 historialiter
2057 400 2295 441 intimandae

148 468 250 504 sunt.
309 462 390 501 Hoc
419 469 545 512 genus
576 456 759 497 carminis
789 453 938 496 κοινόν
965 456 1026 496 vel
1048 454 1202 508 μικτόν
1232 457 1364 496 dicunt
1381 459 1435 504 2).
1476 455 1583 495 Haec
1605 455 1743 508 ecloga
1764 454 1983 508 φαρμακίς
2003 456 2035 505 3)
2062 455 2294 507 appellatur,

146 531 237 558 nam
268 517 368 557 duae
396 525 591 566 personae
616 510 921 552 introducuntur
948 511 1136 552 Damonis
1167 517 1205 551 et
1234 511 1486 563 Aphesiboei,
1519 511 1584 562 qui
1612 509 1906 562 repudiatorum
1935 521 2091 551 amores
2119 514 2294 551 narrant.

147 574 299 613 Damon
331 571 514 610 amissam
545 568 721 620 queritur
738 570 777 615 4)
809 578 994 616 uxorem,
1031 567 1306 620 Aphesiboeus
1338 567 1422 610 eius
1452 566 1625 606 mulieris
1654 565 1775 605 refert
1804 569 1938 615 actus,
1976 576 2077 617 quae
2104 565 2189 605 viro
2229 564 2295 606 alii

148 628 274 668 dedita
303 626 453 674 fuerat3
492 624 646 664 Damon
675 622 865 675 queritur,
895 621 1183 675 Alphesiboeus
1213 621 1386 662 remedia
1415 622 1517 675 agit3
1558 621 1622 660 ille
1649 621 1795 661 iustum
1823 632 1997 660 amorem
2028 618 2295 672 contemptum

149 689 188 723 et
217 681 417 722 sordidum
448 679 658 733 appetitum
694 678 816 727 canit,
858 676 921 716 hic
949 676 1124 718 venificia
1156 677 1329 718 excurrit
1367 677 1511 717 amoris
1543 675 1721 726 alteriUS,
1760 675 1902 727 quibus
1943 677 2089 716 iustum
2119 686 2296 716 amorem

147 739 280 779 nititur
310 736 574 787 disrumpere;
616 733 768 772 Damon
808 732 997 783 puellam,
1038 731 1326 784 Alphesiboeus
1364 743 1530 784 puerum
1569 736 1684 770 amat.
1742 730 1924 769 nmmos
1955 730 2060 770 dicit.
2098 752 2151 771 -.-
2187 730 2298 776 Haec

149 793 288 846 ecloga
323 791 444 843 inpari
481 800 645 828 numero
685 788 1008 841 epigrammatum
1048 788 1206 840 gaudet.
1270 787 1377 827 Haec
1416 782 1555 839 eclog'a
1592 785 1750 839 proprie
1786 781 2043 838 βουκολικόν
2069 787 2122 833 5).
2189 784 2298 827 Haec

148 848 286 900 ecloga
326 848 408 886 sive
444 845 485 885 in
514 845 699 896 Hispania
736 844 820 883 sive
855 843 894 882 in
925 842 1048 882 Gallia
1077 843 1230 883 canitur
1269 847 1307 882 et
1335 842 1374 881 in
1404 853 1501 894 agro
1532 843 1706 892 canitur,
1744 846 1808 881 ut:
1850 842 2045 879 inmemor
2081 838 2306 880 herbarum·

152 915 256 955 quos
297 906 357 940 est
391 901 541 939 mirata
580 901 764 938 iuvenca.
832 897 1014 937 valmvs
1045 897 1146 938 dicit.
1177 918 1231 926 —-
1260 896 1485 949 Allegorice
1514 896 1690 946 Damon,
1728 896 1767 936 id
1798 901 1858 936 est
1886 896 2139 946 Cornificius,
2179 900 2299 950 poeta

149 958 321 1000 Antonii,
354 956 535 997 amissam
565 954 788 1007 queriturss)
819 952 1016 993 Mantuam
1047 952 1119 993 sub
1149 952 1308 993 nomine
1335 952 1452 992 Nisae
1463 964 1475 1002 3
1514 951 1824 1004 Alphesiboeus,
1858 953 1925 1003 qui
1955 953 2067 1003 θεῖ’)
2097 951 2297 1006 Virgilius,

148 1012 220 1054 sub
249 1012 407 1052 nomine
435 1009 649 1062 Daphnidis
675 1008 897 1062 Augustum
926 1009 1110 1048 insinuat.
1142 1033 1195 1039 -
1290 1046 1293 1049 .

280 1068 347 1107 Vs.
381 1066 416 1107 1.
477 1065 640 1105 Musam
659 1062 864 1102 Damonis
885 1068 926 1102 et
944 1062 1220 1115 Alphesiboei
1240 1063 1428 1103 dicemus.
1450 1086 1500 1092 --
1521 1060 1739 1106 Damonis,
1772 1060 1979 1113 Cornificii,
2009 1058 2299 1114 Alphesiboei,

149 1123 297 1177 Virgilii
307 1136 319 1173 3
349 1126 465 1175 poeta
495 1127 623 1163 autem
649 1119 854 1173 Virgilius,
893 1121 1005 1172 quasi
1043 1119 1092 1160 de
1122 1119 1197 1160 alio
1227 1129 1391 1160 narrans
1431 1118 1489 1159 sic
1526 1118 1660 1170 incipit
1695 1117 1852 1158 dicens:
1889 1122 2104 1168 pastorum
2135 1115 2300 1157 Musam

149 1183 189 1219 et
216 1178 378 1230 reliqua.
441 1176 602 1215 Musam
631 1187 704 1228 pro
725 1176 911 1216 carmine.
970 1173 1134 1213 Illusam
1164 1171 1368 1213 Damonis
1399 1179 1439 1213 et
1467 1171 1741 1226 Alphesiboei
1767 1173 1808 1214 id
1838 1178 1899 1214 est
1929 1185 2087 1214 carmen
2114 1184 2232 1214 suum
2260 1175 2301 1213 et

151 1233 344 1275 Cornificii
374 1232 447 1273 sub
476 1232 696 1272 nominibus
726 1236 942 1282 pastorum.
973 1252 1029 1259 —

282 1288 349 1328 Vs.
379 1288 417 1329 Ω.
462 1286 684 1339 Inmemor,
715 1285 846 1337 oblita,
875 1283 1111 1338 herbarum,
1140 1289 1362 1339 pastuS.—-
1382 1282 1564 1324 Iuvenca
1591 1296 1662 1337 pro
1691 1283 1876 1324 armentis
1905 1284 2049 1337 posuit.
2105 1283 2203 1325 Mira
2230 1285 2299 1326 in-

152 1348 351 1385 crementa
379 1343 581 1384 varietatis
609 1342 786 1382 iuvenca.

284 1399 351 1439 Vs.
382 1397 421 1441 3.
480 1396 649 1449 Linces,
677 1396 758 1449 lupi
789 1395 1058 1445 ce1·varioli⁸).
1102 1396 1239 1437 Linces
1266 1395 1377 1437 ferae
1403 1395 1532 1436 Liberi
1550 1395 1671 1448 patris
1701 1394 1825 1435 sacris
1855 1393 2069 1447 dedicatae,
2099 1392 2302 1448 pantheris

153 1455 316 1502 similes⁷
344 1453 490 1495 caudas
521 1458 651 1493 tamen
681 1451 848 1506 graciles
877 1451 1035 1493 habent.
1065 1474 1119 1482 —
1148 1450 1300 1490 Linces
1330 1463 1400 1504 pro
1431 1452 1612 1491 omnibus
1640 1450 1748 1491 feris.

287 1509 354 1550 Vs,
384 1508 420 1550 4.
480 1507 541 1547 Et
570 1511 750 1557 mutata,
789 1506 828 1547 id
858 1512 919 1547 est
956 1512 1094 1549 natura
1125 1507 1313 1547 mutantia
1324 1511 1377 1557 ⁹).
1418 1528 1470 1537 -·-
1509 1505 1703 1546 Flumina
1730 1517 1802 1560 pro
1833 1505 2049 1547 carminum
2078 1503 2298 1557 dulcedine,

154 1565 224 1606 sed
253 1565 466 1618 allegorice
492 1575 563 1615 pro
593 1563 835 1604 auditoribus
866 1563 987 1615 accipi
1016 1567 1158 1616 potest.
1192 1586 1244 1592 --

287 1620 354 1660 Vs.
385 1618 423 1660 5,
482 1617 691 1662 Dicemus,
721 1622 956 1669 repetemus
2228 1635 2232 1638 ’

287 1675 353 1715 Vs.
385 1672 423 1715 6.
488 1672 551 1712 Tu
579 1671 679 1710 mihi
709 1684 779 1710 seu
807 1671 948 1723 magym'
976 1684 1148 1722 superas
1179 1677 1218 1712 et
1246 1673 1411 1723 reliqua.
1467 1670 1647 1712 Asinium
1676 1671 1887 1718 Pollionem
1917 1671 2012 1723 petit
2039 1670 2303 1713 Salonitarum

156 1730 368 1781 victorem,
408 1730 474 1782 qui
502 1728 659 1783 proprie
687 1739 769 1768 non
798 1727 926 1767 minus
956 1727 1156 1779 poeticae,
1198 1739 1313 1779 quarn
1344 1726 1563 1776 oratoriae,
1603 1726 1666 1766 vel
1694 1727 1970 1778 imperatoriae
1997 1726 2125 1766 laudis
2164 1726 2302 1768 avidus

156 1786 246 1834 fuit3
285 1796 375 1825 narn
415 1790 454 1825 et
490 1784 612 1824 multa
641 1782 811 1824 carmina
850 1786 890 1822 et
924 1783 1031 1823 varia
1059 1786 1241 1834 poemata
1271 1782 1449 1835 scripsit,
1489 1781 1594 1821 unde
1623 1786 1682 1821 est
1709 1780 1826 1821 illud:
1865 1780 1958 1820 sola
1991 1780 2234 1833 Sophocleo
2263 1785 2304 1822 et

157 1841 317 1893 reliqua.
375 1840 475 1880 Huic
503 1844 594 1892 post
621 1838 767 1878 victum
792 1837 1004 1878 Antonium
1035 1837 1205 1889 apudlo)
1238 1837 1435 1877 Perusiam
1465 1848 1676 1877 successor
1705 1836 1819 1876 datus
1850 1843 1911 1877 est
1929 1836 2132 1889 Alphenus
2160 1838 2304 1886 Varus,

159 1897 224 1949 qui
252 1897 371 1936 iratus
401 1893 621 1935 Mantuanis
650 1904 769 1946 agros
802 1904 938 1932 eorum
967 1894 1066 1945 parti
1096 1892 1483 1940 Cre1110nens1um11)
1515 1891 1715 1939 iunxit12).
1762 1891 1887 1931 Causa
1919 1897 2049 1933 autem
2077 1893 2303 1934 iracundiae

158 1951 258 1990 haee
286 1950 369 1991 fuit.
428 1950 614 1991 Octavius
643 1948 755 1988 Musa
785 1947 911 1997 enim,
952 1948 1107 1995 civis¹³)
1137 1948 1372 1988 Mantuanus
1402 1946 1586 1999 idemque
1614 1948 1886 2001 magistratuS,
1918 1960 2007 1989 curn
2035 1947 2223 1989 tributum
2243 1949 2300 1997 1⁴)

159 2006 207 2046 ab
237 2005 420 2059 Augusto
449 2005 587 2045 fuisset
616 2003 823 2054 indictum,
863 2015 1007 2054 pecora
1038 2004 1125 2044 Vari
1153 2008 1266 2056 capta
1294 2003 1448 2056 pignori
1485 2002 1633 2043 tamdiu
1660 2003 1699 2042 in
1726 2001 1814 2043 foro
1842 2003 1974 2043 clausa
2003 2003 2150 2054 tenuit,
2168 2007 2303 2055 „mam

160 2061 285 2101 Varus
324 2072 535 2113 possessor
562 2059 796 2098 Mantuanus
835 2060 968 2107 erat,)
1007 2057 1133 2098 donec
1161 2059 1362 2108 inedia¹⁵)
1392 2063 1662 2106 morerentur,
1700 2057 1805 2097 unde
1835 2058 2053 2099 molestiam
2081 2059 2303 2100 Mantuanis

161 2127 281 2169 super
319 2114 539 2156 amittendis
578 2114 683 2166 agris
720 2113 847 2153 intulit
875 2113 1027 2162 Varus3
1066 2114 1227 2167 Virgilio
1265 2118 1396 2154 tamen
1430 2114 1624 2165 pepercit,
1665 2113 1849 2164 quoniam
1884 2113 2176 2167 condiscipulus
2216 2114 2301 2156 eius

160 2170 301 2211 fuerat.
358 2170 543 2211 Eiusdem
564 2174 693 2210 autem
711 2168 802 2208 Vari
833 2172 893 2208 est
922 2168 1124 2221 tragoedia
1144 2169 1336 2220 Thyestes
1367 2167 1545 2208 omnibus
1576 2167 1736 2220 tragicis
1766 2167 2043 2219 praeferenda3
2075 2169 2180 2211 aliud
2207 2168 2304 2210 nihil

163 2226 246 2265 eius
276 2226 429 2280 legitur.
488 2225 680 2277 Thyestes
702 2234 852 2263 nomen
882 2225 987 2264 artis.
1044 2223 1226 2263 luamus
1257 2223 1360 2263 dicit.
1382 2245 1435 2252 —
1464 2220 1526 2260 Tu
1553 2221 1653 2261 mihi
1682 2228 1720 2263 et
1747 2222 1909 2274 reliqua.
1968 2222 2192 2277 Allegorice
2211 2225 2303 2266 Vir-

162 2281 278 2333 gilius
308 2283 430 2334 tangit
461 2280 669 2320 Caesarem
700 2278 955 2318 Octavianum
984 2279 1234 2332 navigantem
1263 2280 1303 2318 in
1332 2277 1606 2330 Illyricumffi).
1658 2276 1856 2328 Superas,
1888 2278 2188 2331 transgrederis.
2233 2278 2300 2319 Ti-

165 2336 288 2379 mavi,
319 2336 453 2385 locus,
495 2337 534 2375 in
573 2346 651 2386 quo
690 2332 867 2373 Antenor
905 2333 1078 2373 condidit
1115 2334 1321 2374 civitatem.
1388 2333 1593 2382 Timavus,
1633 2332 1778 2373 flumen
1817 2332 1866 2373 de
1893 2333 2075 2385 Rhipaeis
2103 2335 2301 2376 montibus

164 2391 293 2430 oriens
316 2392 395 2441 ¹⁷),
434 2391 536 2430 inter
564 2390 699 2429 Asiam
730 2393 768 2428 et
794 2388 991 2441 Europam
1022 2400 1184 2442 serpens
1213 2387 1427 2429 Maeotidas
1465 2386 1627 2440 paludes
1667 2393 1808 2442 auget;
1847 2388 1910 2428 vel
1939 2388 2121 2430 Timavus
2160 2390 2303 2432 fluvius

165 2449 226 2485 est
255 2445 442 2486 Venetiae
470 2457 613 2498 magno
642 2444 752 2485 fonte
782 2444 1039 2492 ex01·iens¹⁸).

297 2500 362 2539 Vs.
393 2498 431 2540 7.
494 2499 631 2548 oram,
660 2499 752 2538 litus
763 2511 774 2547 ;
804 2497 992 2552 Illyrici,
1020 2497 1225 2547 Adriatici3
1257 2498 1384 2550 leqis,
1415 2496 1656 2547 consideras,
1686 2495 1750 2537 vel
1778 2497 1980 2549 praeteriS‚
2011 2497 2075 2538 vel
2102 2497 2202 2550 l'egis
2231 2511 2303 2551 per

165 2555 354 2595 Liburnas
383 2555 594 2607 navigans;
623 2554 828 2606 aequoris,
859 2554 989 2594 maris.
1048 2552 1118 2592 En
1148 2555 1227 2592 erit
1256 2553 1425 2606 optantis
1453 2564 1533 2593 vox
1559 2547 1635 2592 est?
1689 2550 1760 2589 En
1794 2551 1873 2590 erit
1901 2565 2078 2605 unquam
2107 2552 2183 2592 ille
2210 2555 2301 2595 dies

165 2609 267 2648 mihi
296 2622 384 2648 cum
415 2608 565 2660 liceat,
604 2609 643 2649 id
672 2613 750 2649 est:
788 2609 936 2650 utinam
971 2609 1064 2649 mihi
1093 2609 1209 2650 liceat
1235 2613 1302 2649 tua
1329 2608 1433 2649 facta
1461 2607 1558 2647 meis
1588 2606 1823 2647 carminibus
1861 2606 1978 2661 digne
2015 2609 2171 2661 exponi.
2229 2609 2303 2652 Hic

164 2664 377 2705 Pollionem
405 2663 468 2703 vel
496 2663 702 2704 Caesarem
732 2663 943 2716 allegorice
968 2664 1147 2705 adolatur
1167 2667 1223 2714 ¹⁹)
1265 2668 1305 2704 et
1332 2667 1462 2717 optat,
1496 2666 1541 2704 ut
1577 2666 1788 2714 praesente
1825 2660 1994 2704 Caesare
2029 2663 2094 2704 vel
2127 2663 2304 2707 Pollione

167 2724 304 2772 posset
332 2730 470 2760 eorum
496 2717 601 2758 facta
629 2730 782 2760 canere.
814 2741 866 2747 —

181 2806 744 2815 -————————-⁴—

302 2851 336 2892 1)
370 2849 471 2884 Cod.:
507 2850 677 2892 scripta
711 2851 768 2883 sit
798 2851 931 2883 aiunt.
988 2851 1022 2892 2)
1056 2849 1160 2884 Cod.:
1197 2860 1338 2884 cenon
1370 2849 1440 2883 vel
1473 2850 1637 2883 micton
1673 2849 1777 2882 dict.
1836 2849 1871 2891 3)
1906 2847 2007 2883 Cod.:
2042 2851 2301 2894 parmacies.

169 2898 204 2938 4)
231 2895 333 2930 Cod.:
364 2897 524 2940 querit.
578 2895 613 2936 5)
647 2894 749 2928 Cod.:
781 2897 962 2939 propria
994 2896 1244 2929 bucolicon.
1290 2895 1334 2939 [6)
1360 2895 1463 2930 Cod.:
1490 2896 1645 2940 querit.
1700 2895 1736 2937 7)
1761 2893 1862 2928 Cod.:
1887 2896 2036 2939 quiet.
2081 2896 2117 2938 8)
2141 2895 2172 2930 Α
2195 2895 2302 2936 Plinio

170 2943 260 2985 tupi
277 2942 481 2976 cervarii
507 2942 724 2974 nominantur.
769 2942 804 2983 9)
829 2941 882 2974 Sic
905 2943 938 2974 in
962 2940 1044 2974 Cod.
1089 2940 1242 2975 Fortasse
1265 2941 1458 2986 legendum:
1483 2946 1685 2974 naturam
1708 2941 1934 2974 mutantia.
1982 2940 2033 2982 1⁰)
2057 2939 2160 2975 Cod.:
2185 2947 2300 2986 aput.

172 2988 222 3029 11)
257 2986 357 3021 Cod.:
389 2988 745 3020 crimonensium.
792 2987 851 3028 ’,12)
885 2986 988 3020 Cod.:
1021 2988 1203 3020 iuncxit.
1257 2988 1307 3028 13)
1331 2986 1432 3021 Cod.:
1457 2987 1597 3020 cives.
1650 2987 1701 3028 14)
1726 2985 1828 3020 Cod.:
1853 2987 2071 3020 tritanum.
2119 2987 2170 3029 15)
2194 2986 2300 3024 Cod.:

172 3031 321 3066 media.
369 3032 419 3074 1⁶)
445 3031 546 3066 Cod.:
573 3032 791 3076 yliricum.
838 3032 890 3074 1¹1)
915 3031 1018 3065 Cod.:
1043 3032 1235 3066 horiens.
1280 3032 1332 3075 18)
1356 3032 1458 3067 Cod.:
1485 3032 1742 3067 exhoriens.
1798 3031 1849 3073 19)
1876 3030 1959 3066 Cod.
1982 3032 2179 3068 addatur.
