2430 3177
1228 81 1292 132 10

317 217 384 257 Vs.
422 215 483 257 15.
541 215 756 259 Fastidia,
794 210 1051 269 contemptus.
1112 215 1365 258 Menalcam,
1408 217 1591 268 pastoris
1614 212 1770 255 nomen.
1807 236 1861 244 -—-
1884 207 2061 254 Nonne
2078 211 2327 265 Menalcam,

186 273 233 314 id
263 277 342 312 est:
389 272 526 311 melius
563 271 655 310 mihi
691 270 819 310 fuerat
846 270 1070 311 Menalcam
1097 279 1261 323 puerum
1296 280 1439 312 amare.
1512 272 1596 324 Hoc
1621 271 1792 349 quidam
1829 270 2031 332 Virgilium
2070 267 2120 311 de
2146 270 2341 340 Antonio·

186 326 494 421 ρωᾶωγὲῗοῗὲθ
543 380 734 425 Quamvis
764 379 837 418 ille
866 381 997 432 niyer.
1057 373 1157 429 Quia
1175 348 1369 421 Antonius
1388 380 1602 443 Aegyptios
1634 387 1672 422 et
1691 380 1904 432 Aethiopes
1930 376 1972 419 in
1986 370 2095 421 bello
2119 370 2277 420 ιιιιιιιιίι.
2274 393 2339 410 -’

186 435 334 487 Niger,
365 437 449 476 sive
478 435 527 475 de
554 435 741 485 Menalca,
771 435 855 475 sive
885 435 934 474 de
960 435 1144 476 Antonio.
1194 434 1429 480 Candidus,
1461 437 1543 475 sive
1571 435 1747 485 Alexim,
1770 436 1853 475 sive
1875 434 2081 476 Caesarem
2111 424 2329 487 accipi[en-'

187 491 278 531 dum
308 502 397 530 esse
427 490 590 540 dicuntj.
613 492 667 538 ¹¹)
698 512 751 519 —
794 489 986 535 Quamvis
1018 495 1065 529 tn
1091 490 1317 534 candidus,
1358 492 1448 543 quia
1480 490 1625 531 Caesar
1646 493 1701 540 ¹²)
1733 503 1821 532 cum
1839 490 2032 531 Romanis
2062 494 2101 530 et
2132 489 2259 559 Gallis
2281 490 2330 530 ad

118 571 125 579 -
185 546 327 586 bellum
358 545 550 585 veniebat.

317 600 384 640 Vs.-
419 598 483 640 17.
546 598 584 638 Ο
610 600 791 650 formose
819 613 936 651 puer.
995 600 1036 641 Si
1056 599 1105 639 ad
1125 613 1289 653 puerum
1309 600 1419 651 dicit·
1449 608 1529 642 non
1558 606 1596 641 te
1625 601 1754 641 eleves
1785 600 1834 640 de
1864 600 2014 640 formae
2031 589 2340 658 pulchritudine,

185 655 219 696 si
249 654 298 695 ad
329 654 558 697 Caesarem·
582 666 663 694 non
691 659 730 695 te
760 656 885 695 elevet
914 667 1124 696 successus
1154 668 1297 705 rerum,
1329 657 1418 708 quia
1447 668 1566 708 saepe
1592 657 1794 696 mutantur
1821 666 2022 708 prospera.
2053 677 2106 683 —
2136 652 2339 697 Νἰηιίιιηιξ

184 721 264 750 ιιοιι
305 709 420 749 debet
457 715 497 749 te
525 721 713 762 praesens
742 722 874 750 rerum
912 721 1124 751 successus
1152 711 1337 751 immitem
1362 710 1522 762 facere,
1552 714 1680 784 aeque
1710 711 1812 750 enim
1840 721 1971 759 rerum
1994 709 2124 769 laeta
2133 707 2343 782 [ιιιιιιᾱὴψᾙ

186 769 369 804 mutatur.

317 819 383 858 Vs.
416 817 478 859 18.
520 817 752 870 Εἱ9ιι5ΐτιι,
782 818 899 859 flores
929 812 1179 872 papaverum
1247 810 1872 873 ¹isaaciusez,violae·.pu1·pure<÷1e
1894 842 1944 849 —
1969 803 2196 870 Lifflw'tra.
2213 817 2341 869 flores¹

185 878 277 914 sunt
305 866 471 924 candidi,
502 873 568 924 qui
599 873 647 912 de
675 873 881 912 arboribus
911 874 1106 914 decidunt.
1174 874 1374 913 Vaccinia
1393 876 1528 926 niqra,
1560 876 1689 916 violae
1709 886 1940 927 purpureae,
1972 885 2081 926 quae
2093 873 2142 913 de
2161 873 2341 936 omnium

169 930 424 982 nigrescunt.
482 927 639 979 Niqra,
670 928 760 978 quia
790 929 879 967 usui
901 930 956 976 ¹³)
986 934 1089 969 sunt.
1148 926 1384 981 Leyzmtm,
1413 942 1484 982 pro
1516 931 1732 983 eleguntur.
1756 932 1811 978 ¹⁴)

316 983 382 1022 Vs.
418 981 480 1023 19.
536 981 787 1032 DispectuS,
820 988 1079 1034 contemptus,
1111 985 1200 1035 quia
1231 984 1390 1037 dispicis
1419 989 1458 1024 et
1489 985 1705 1025 contemnis
1733 983 1933 1047 ingenium
1964 995 2106 1023 meum.

316 1038 391 1076 Vs.
413 1036 478 1077 20.
537 1035 711 1074 Pecoris
740 1037 869 1081 nivei,
907 1037 1028 1077 albae
1048 1049 1156 1078 oves.
1213 1037 1290 1077 Alii
1330 1039 1388 1078 sic
1430 1038 1668 1093 distingunt.
1707 1040 1860 1091 pecoris
1891 1038 2016 1087 nivei,
2051 1037 2147 1094 quia
2185 1035 2334 1087 antiqui

184 1093 312 1133 lanam
341 1092 467 1132 albam
498 1090 708 1130 admodum
738 1091 991 1144 diligebant.
985 1115 1035 1120 ——
1056 1084 1230 1130 Pecoris
1258 1090 1382 1135 'niz-ei,
1413 1093 1632 1145 allegorice¹
1653 1094 1766 1132 metri
1795 1093 1856 1132 vel
1879 1091 2117 1137 carminum.
2164 1088 2333 1129 Ηιιόιιη-

186 1146 312 1197 dans,
343 1145 514 1185 ostendit
541 1139 843 1215 habundantiam
870 1146 1015 1198 ingenii
1044 1146 1124 1196 sui,
1169 1146 1323 1198 plurimi
1359 1148 1461 1187 enim
1498 1148 1719 1193 incitantur
1745 1147 1794 1186 ad
1832 1149 2005 1191 amorem
2033 1158 2154 1196 voce,
2192 1145 2333 1221 forma,

187 1201 342 1242 divitiis.
2339 1201 2342 1207 '

235 1261 238 1263 ’
320 1256 386 1294 Vs.
415 1253 480 1295 21.
538 1252 684 1298 Mille,
713 1254 1029 1294 innumerabiles.
1087 1252 1255 1306 Aynae,
1287 1255 1378 1305 quia
1407 1265 1498 1308 spes
1529 1254 1662 1308 gregis
1693 1242 1817 1308 magis
1847 1257 1887 1295 in
1914 1241 1994 1295 illis
2009 1239 2092 1296 est.
2121 1277 2176 1284 —
2207 1240 2342 1304 Mille

188 1321 296 1349 meae
329 1307 500 1353 Siculis,
533 1309 622 1361 quia
642 1309 682 1347 in
699 1308 888 1348 bucolicis
917 1308 1180 1360 Theocritum,
1209 1312 1366 1361 poetam
1386 1309 1573 1361 Siculum,
1602 1311 1776 1350 imitatus
1807 1313 1878 1350 est.
1935 1306 2095 1362 Aynae,
2124 1321 2264 1351 versus
2276 1312 2333 1359 ¹⁵)

187 1365 468 1406 bucolicorum.

319 1420 382 1458 Vs.
413 1417 478 1459 22.
536 1416 626 1456 Lac
659 1417 759 1456 mihi
792 1431 878 1456 non
914 1417 1029 1470 defit.
1095 1415 1302 1471 Nunquam
1342 1420 1515 1460 carmina
1552 1419 1705 1461 desunt.
1741 1443 1795 1450 —-
1843 1418 1944 1470 Non
1978 1424 2136 1490 aestate
2173 1432 2334 1464 novum,

190 1474 279 1527 quia
307 1474 347 1514 id
377 1475 480 1514 omni
512 1478 686 1525 tempore
714 1473 841 1513 habet.
865 1476 920 1522 ¹⁶)
978 1474 1049 1513 Per
1077 1473 1154 1514 hoc
1183 1479 1325 1526 pastor
1347 1486 1512 1527 puerum
1534 1479 1740 1528 provocat.
1944 1486 1948 1494 ¹
2338 1475 2339 1479 ’

263 1562 265 1565 .
320 1529 386 1568 Vs.
416 1527 480 1568 24.
536 1525 768 1592 Amphion,
800 1527 901 1568 Iovis
932 1533 970 1568 et
989 1528 1183 1580 Antiopae
1202 1529 1325 1569 filius.
1371 1528 1581 1581 Amphion
1607 1529 1838 1582 Thebanus,
1874 1531 2088 1594 Musaeu)
2118 1486 2332 1585 studiosus,

190 1584 370 1625 omnibus
398 1587 529 1631 notus,
559 1585 626 1645 qui
656 1589 693 1623 et
709 1583 898 1622 Dircaeus
928 1583 977 1622 de
1005 1582 1118 1623 fonte
1133 1583 1286 1633 Dircae,
1319 1587 1383 1638 qui
1411 1588 1472 1626 e‘st
1499 1586 1642 1625 Thebis
1671 1587 1710 1625 in
1733 1584 1907 1636 Boeotia,
1939 1587 2050 1626 cuius
2081 1588 2201 1625 cantu
2225 1585 2335 1636 lyrae

190 1638 461 1680 Thebanorum
500 1639 601 1690 muri
638 1640 860 1678 surrexisse
897 1637 1094 1688 dicuntur,
1136 1643 1174 1678 et
1213 1640 1359 1680 cithara
1398 1642 1455 1679 sic
1492 1642 1685 1683 cecinisse
1707 1639 1874 1691 dicitur,
1912 1645 1955 1680 ut
1981 1644 2134 1681 montes
2172 1644 2215 1686 et
2237 1644 2334 1679 saxa

191 1693 412 1734 advocaret.
462 1686 572 1732 Vult
591 1697 719 1732 autem
747 1691 825 1733 hoc
853 1691 1003 1732 dicere.
1037 1692 1137 1732 sicut
1161 1693 1226 1732 ille
1254 1693 1315 1745 lap
1320 1693 1402 1734 ides
1431 1693 1612 1745 movebat
1642 1692 1773 1743 cantu,
1802 1697 1861 1735 sic
1888 1694 1943 1735 te·
1955 1683 2153 1734 moveam·
2164 1694 2335 1734 carmine

190 1760 291 1788 meo.
322 1769 374 1777 -—
404 1745 622 1791 Dircaeus,
654 1759 676 1787 a
695 1747 834 1787 Dircae
863 1746 973 1787 fonte
1003 1747 1229 1800 appellatus.
1281 1707 1329 1786 [pn
1347 1746 1590 1793 Actaeo,ir'1
1610 1747 1834 1796 Thessaliae
1852 1749 2065 1801 provincia.
2105 1747 2153 1786 In
2173 1746 2344 1787 Actaeo·

189 1801 434 1845 Aracintko,
464 1803 503 1841 in
522 1802 651 1842 Attico
680 1800 911 1850 Aracinth03
942 1801 1012 1841 sed
1031 1802 1264 1843 Aracinthus
1296 1815 1407 1843 mons
1438 1809 1498 1843 est
1513 1803 1700 1844 Boeotiae
1728 1805 1795 1844 vel
1818 1803 2027 1855 Arcadiae,
2051 1803 2156 1877 unde
2179 1804 2332 1853 mirum,

191 1870 260 1899 cur
290 1870 378 1897 eum
407 1856 598 1897 Actaeum
628 1856 789 1905 dixerit,
821 1856 891 1896 sed
922 1857 1058 1896 melius
1089 1856 1280 1898 Actaeum
1309 1861 1563 1899 nemorosum
1591 1858 1818 1926 accipimus.

238 1915 241 1918 '
317 1912 389 1952 Vs.
420 1910 488 1952 25
542 1910 632 1950 Nec
660 1923 744 1949 sum
775 1911 878 1949 adeo
909 1911 1120 1963 informis,
1159 1912 1359 1970 ingenium
1389 1925 1518 1953 meum
1547 1910 1727 1966 cognovi
1790 1903 1959 1967 Nuper
1970 1921 2045 1953 me.
2101 1913 2159 1953 Ne
2188 1899 2334 1954 diceret

174 1967 248 2020 ¹ei.
278 1968 321 2006 in
347 1979 424 2017 quo
453 1966 613 2019 speculo
642 1970 681 2005 te
711 1965 851 2016 vidisti,
886 1978 973 2005 cum
1003 1967 1054 2007 sit
1072 1967 1255 2006 rusticus.
1315 1966 1363 2005 In
1392 1967 1518 2025 litore
1546 1968 1648 2012 vidi,
1679 1969 1770 2008 sunt
1798 1969 1902 2014 enirn
1930 1970 1972 2009 in
1986 1968 2173 2019 litoribus
2202 1965 2343 2008 fontes*

192 2033 316 2072 aquae
345 2021 480 2062 dulcis.
503 2021 559 2070 1⁵)
617 2019 666 2059 In
696 2019 835 2063 litore,
865 2020 904 2060 id
924 2024 984 2060 est
1011 2021 1051 2060 in
1070 2022 1247 2084 margine
1265 2022 1403 2074 aquae.
1462 2022 1627 2088 Quando
1653 2021 1875 2094 placidum
1893 2023 2040 2093 ventis‘
2051 2019 2186 2096 staret
2210 2015 2341 2062 mare.

190 2076 260 2116 Hic
290 2080 415 2116 totum
444 2080 662 2129 properate,
685 2078 740 2123 ¹⁹)
772 2075 811 2115 id
841 2079 914 2125 est,
946 2087 1068 2115 mare
1082 2081 1152 2128 p'ro
1182 2088 1282 2128 aqua
1303 2079 1454 2129 posuit.

308 2131 389 2171 Vs.
412 2127 484 2171 26
541 2130 765 2194 Allegorice
792 2130 886 2168 dum
913 2129 1152 2181 placidum,
1183 2132 1338 2182 quando
1369 2133 1635 2185 tranquillitas
1651 2134 1783 2172 rerum
1812 2132 1898 2184 fuit,
1929 2131 1968 2173 'et
1997 2120 2169 2174 οιιιιιίιιιιι
2196 2142 2331 2172 rerum

191 2189 316 2226 status
352 2190 461 2225 esset
498 2185 664 2237 quietus.
725 2183 845 2223 Mare
880 2197 950 2237 pro
980 2197 1099 2236 aqua,
1141 2190 1265 2226 ιοιιιιιι
1294 2199 1364 2239 pro
1395 2192 1516 2250 parte.
1581 2181 1692 2229 Non
1710 2199 1788 2240 eqo
1817 2185 2044 2239 Daphnim
2100 2188 2221 2227 Dicit.
2250 2197 2331 2226 non

192 2246 345 2290 metuo,
383 2245 427 2280 ut
452 2245 521 2280 tuo
551 2239 693 2281 iudicio
723 2239 816 2279 mihi
844 2240 1041 2303 Daphnis,
1070 2241 1244 2292 quamvis
1273 2241 1434 2295 pulcher
1461 2242 1533 2292 sit,
1562 2237 1815 2296 praeferatur.
1872 2243 2095 2296 Allegorice
2121 2242 2198 2281 hoc
2226 2241 2331 2291 dicit,

192 2305 271 2335 non
298 2296 414 2336 timeo
446 2295 668 2344 Pollionem,
701 2295 878 2346 quamvis
909 2295 1046 2334 melius
1075 2307 1233 2336 carmen
1262 2301 1395 2337 texere
1421 2297 1557 2350 possit.
1577 2319 1631 2326 —
1658 2295 1758 2336 Non
1788 2309 1865 2349 eqo
1895 2295 2122 2353 Daphnim,
2149 2295 2330 2350 pulchri-

193 2348 365 2387 tudinem
392 2348 486 2389 eius.
544 2350 718 2402 Daphnis
747 2361 819 2389 rex
850 2355 1050 2402 pastorum
1081 2350 1403 2402 pulcherrimus·
1445 2350 1544 2390 Non
1574 2361 1651 2404 eqo
1681 2350 1926 2403 Daphnim,
1935 2352 2124 2393 ‘nobilem
2157 2355 2329 2421 poetam,

194 2403 305 2442 cuius
334 2403 531 2454 ingenium
561 2417 640 2444 non
669 2406 801 2454 timeo,
833 2409 871 2443 te
899 2405 1104 2444 iudicante
1162 2405 1334 2456 Daphnis
1365 2405 1465 2446 filius
1493 2408 1681 2460 Apollinis
1712 2412 1751 2447 et
1779 2407 2008 2470 Spamathis.
2064 2451 2066 2453 ,
2102 2448 2103 2451 ¹
2338 2421 2342 2423 ⁴

326 2438 398 2496 Vst.>
423 2455 487 2497 27.
547 2458 700 2510 Ιηια9ο.
759 2458 971 2521 Imaginem
990 2459 1210 2524 philosophi
1241 2459 1373 2510 dicunt
1402 2461 1530 2501 binam
1560 2474 1662 2511 esse,
1695 2461 1965 2527 voluptariam
1984 2467 2022 2502 et
2049 2444 2327 2534 imaginariam,

194 2512 451 2552 voluntariam
480 2524 550 2564 per
579 2517 696 2552 temet
723 2514 864 2566 ipsum,
895 2514 1167 2567 imaginariam
1191 2526 1261 2566 per
1279 2512 1420 2560 aliurn.
1447 2538 1503 2544 —
1532 2514 1684 2555 Fallat
1698 2521 1756 2556 te.
1827 2522 1852 2530 “’
1898 2525 1901 2530 ’

325 2567 392 2606 Vs.
422 2564 487 2607 28.
551 2564 736 2610 Tantum,
767 2580 964 2622 magnum.
1022 2566 1189 2613 Liboni,
1215 2568 1404 2610 delectet.
1452 2567 1643 2610 Sordida
1670 2579 1778 2616 rura,
1809 2582 1920 2640 quae
1935 2552 2101 2640 sordida
2109 2564 2327 2642 existimas*

198 2620 404 2659 Sordida
402 2633 524 2665 wrm-u
543 2623 599 2668 20)
628 2622 816 2662 rusticum
846 2632 1015 2663 carmen.
1413 2636 1416 2643 ’

305 2676 371 2715 Vs.
405 2674 469 2717 29.
528 2675 738 2719 Humiles,
776 2677 848 2715 sub
888 2682 1003 2718 terra.
1062 2677 1273 2723 Humiles,
1314 2690 1411 2733 quas
1449 2679 1615 2721 humiles
1645 2681 1766 2720 reris.
1835 2678 1984 2725 Casas,
2024 2663 2127 2731 quae
2163 2677 2340 2744 mapaliass

193 2730 384 2772 dicuntur.
399 2752 454 2760 —-
482 2729 632 2783 Fiyere
661 2743 814 2775 cervos,
843 2733 988 2782 venari,
1016 2733 1055 2773 id
1084 2738 1145 2774 est
1173 2734 1360 2788 sagittare
1389 2746 1548 2784 cervos;
1578 2735 1641 2775 vel
1668 2735 1778 2788 palos
1807 2734 1940 2789 figere,
1966 2735 2038 2787 qui
2062 2735 2207 2811 ramosi
2229 2737 2337 2777 sunt·

323 2926 373 2968 11)
407 2926 495 2959 Haec
523 2930 565 2960 et
581 2927 688 2959 omnia
707 2927 814 2960 etiam
846 2927 928 2960 infra
958 2929 1051 2962 uncis
1077 2929 1219 2962 inclusa·
1216 2930 1327 2964 verbu
1346 2930 1467 2964 dosunt
1495 2930 1528 2964 in
1554 2929 1679 2965 codice
1711 2932 1790 2974 12)
1814 2932 1850 2965 In
1875 2933 2018 2966 codiee:-
2034 2932 2097 2967 Ga
2113 2943 2163 2966 es
2178 2939 2200 2966 'a
2215 2942 2232 2965 r
2247 2942 2325 2965 em.

193 2971 240 3012 1³)
266 2970 624 3013 Codzausui.14)
639 2971 693 3006 Sic
715 2973 747 3006 in
771 2973 845 3006 cod.
868 2973 1024 3015 scribitur,
1048 2979 1085 3007 ut
1106 2975 1342 3021 intellegit
1346 2987 1392 3009 ur
1413 2981 1445 3009 ct
1459 2976 1594 3011 similia.
1643 2978 1692 3019 15)
1717 2976 1816 3012 Goth:
1857 2978 2068 3012 versibus.
2120 2978 2176 3019 1⁶)
2193 2976 2326 3012 Codex·

190 3016 361 3050 habere.
410 3017 458 3058 17)
483 3016 584 3051 Coti-z
609 3028 738 3052 musa.
786 3018 837 3061 18)
862 3018 972 3052 Codex
999 3018 1114 3054 habet:
1139 3021 1308 3055 dulces.
1357 3022 1407 3063 1⁹)
1432 3020 1535 3055 Cod.·
1559 3032 1633 3067 pro
1647 3027 1810 3067 parate
1857 3024 1909 3066 20)
1933 3024 1969 3057 ιιι
1993 3023 2122 3057 codice.
2147 3030 2258 3057 cura
2291 3028 2314 3043 ‘¹
