2430 3177
1137 112 1202 162 29

1040 179 1304 198 Q

223 247 289 287 Vs.
321 243 413 288 211.
481 246 617 299 Usque
656 243 729 284 sub
769 247 990 282 est-tremum
1026 242 1199 281 brumae.
1262 244 1432 285 Brumae
1467 258 1494 289 a.
1528 245 1707 285 breviore
1746 250 1874 286 meatu
1905 248 1961 294 ⁹⁹)
2001 247 2095 286 solis
2138 248 2239 289 dicta

89 301 227 342 bruma
256 301 386 342 finitur
415 301 506 342 VIll.
538 301 698 343 Kalend.
728 299 880 339 Ianuar.
939 298 1025 338 Non
1055 299 1103 338 ad
1121 303 1152 345 ¹)
1182 299 1344 341 brumae
1373 300 1489 339 linem
1519 300 1610 339 dicit
1641 313 1730 341 esse
1759 301 1982 353 serendum,
2013 302 2052 342 id
2073 307 2134 343 est
2161 315 2240 344 non

89 368 214 409 usque
243 357 292 398 ad
321 358 445 409 ipsam
477 358 590 407 diem,
624 355 801 408 quamvis
832 354 944 394 aliter
972 355 1128 406 scripsit
1157 354 1293 394 Varro.
1326 378 1377 383 —
1409 353 1712 407 Intraetabilis,
1741 356 1874 396 durae.
1909 380 1958 385 -

221 412 287 452 Vs.
318 411 409 453 212.
469 411 529 451 Et
562 410 721 451 cereale
748 421 959 460 papaver,
1002 409 1108 461 quod
1147 410 1248 449 inter
1287 410 1482 450 frtnnenta
1523 411 1594 459 sit,
1626 412 1689 450 vel
1721 412 1874 461 verius,
1906 411 2012 464 quod
2041 424 2088 452 eo
2121 411 2238 453 Ceres

89 479 223 509 curam
252 467 439 510 levaverit
467 468 606 520 lugens
636 466 763 506 filiam'
783 476 896 504 suam
926 476 1066 504 somno
1096 465 1264 516 impleta.
1323 465 1506 504 lemnius
1538 465 1640 505 dicit.
1673 490 1722 496 —-
1757 466 1960 518 Seyetem,
1989 479 2137 507 semen.

220 523 286 563 Vs.
317 521 411 565 213,
476 521 646 574 Teqem,
677 521 884 560 seminare.
915 542 970 547 —
1001 518 1062 557 Et
1091 520 1340 564 iamdudum,
1371 533 1442 574 pro
1474 533 1590 572 quam
1621 521 1798 573 primum.

222 579 288 618 Vs.
319 576 413 619 214.
454 576 583 615 ”1)ιιηι
613 577 727 615 sicca
755 574 903 613 tellure
933 573 1047 619 licet,
1077 575 1101 614 i.
1133 587 1166 614 e.
1196 581 1403 627 antequam
1434 576 1589 629 pluviae
1618 576 1830 616 immineant
1850 579 1902 625 ²).
1935 599 1986 606 -
2029 576 2138 615 Dum
2168 591 2238 616 ηα-

88 632 178 672 bila
201 633 402 685 pendent,
435 633 526 673 dum
557 632 750 672 serenitas
782 635 855 670 est.
914 630 1027 681 Dicit,
1059 620 1136 670 h⁴oc
1165 637 1342 685 tempore
1371 631 1597 682 serendum,
1629 631 1786 683 quando
1815 643 1895 671 non
1918 633 2026 685 pluit,
2073 633 2143 673 sed
2172 635 2240 674 in-

86 689 234 729 minent
261 688 426 739 pluviae.

219 743 284 782 Vs.
319 741 412 783 215.
482 741 583 781 Vere
610 739 742 794 fabis3
774 740 873 780 haec
902 740 990 782 faba
1020 740 1085 790 fit,
1116 740 1216 782 fabis
1246 753 1341 782 vere
1370 742 1554 783 inusitata
1584 741 1790 782 declinatio
1821 746 1902 792 est,
1934 747 1972 783 at
2002 744 2240 782 COMMIAMJS

73 798 151 841 ait.
210 797 396 842 Medica,
428 810 545 849 quam
574 797 726 836 Xerxes
747 797 786 846 ³)
816 808 998 850 pugnans
1039 796 1087 836 ad
1117 796 1254 837 Medos
1292 798 1442 849 rapuit,
1480 797 1542 837 vel
1576 797 1778 836 translatio
1816 801 1887 836 est.
1953 797 1995 837 In
2038 798 2240 838 Graeciam

83 857 345 904 naturamque
379 853 495 893 huius
534 852 680 892 herbae
717 852 876 903 respicit
889 864 901 900 3
943 863 1021 891 uno
1068 852 1170 892 enim
1212 864 1315 893 anno
1355 853 1499 894 seritur
1534 852 1762 904 frequenter
1803 853 1870 905 [et]
1906 858 2147 906 procreatur.
2186 875 2238 881 ——

84 907 229 952 Satio,
261 920 410 948 semen.
473 907 658 950 Medica,
690 907 836 947 herbae
864 907 1032 959 species.
2132 950 2135 953 ,

217 964 283 1003 vs.
317 962 408 1004 216.
469 962 611 1005 Milia,
644 962 788 1001 milium
818 962 973 1015 nigrum
1004 966 1077 1013 est,
1110 961 1215 1014 quod
1235 961 1284 1002 ad
1314 962 1499 1015 pabulum
1528 963 1673 1003 bovum
1694 963 1846 1004 seritur.
1871 986 1922 992 —
1954 963 2074 1003 Venit
2103 976 2240 1002 annua

85 1031 198 1064 cara,
229 1019 404 1059 medicae
433 1018 604 1060 ostendit
632 1029 711 1057 non
742 1029 831 1056 esse
861 1030 1006 1057 curam.

220 1074 286 1114 Vs.
318 1073 412 1114 217.
475 1072 704 1128 Candidas,
736 1083 814 1110 non
846 1073 947 1110 enirn
979 1084 1000 1111 a
1033 1073 1157 1124 capite
1185 1072 1256 1112 sed
1278 1073 1396 1113 dorso
1418 1074 1554 1124 oritur,
1584 1072 1625 1114 id
1655 1077 1715 1112 est
1742 1073 1781 1112 in
1801 1074 1930 1114 medio
1960 1075 2022 1114 sui
2050 1085 2266 1128 apparere

81 1128 234 1180 incipit,
274 1141 353 1169 non
384 1142 406 1169 a
435 1129 585 1177 fronte,
625 1127 687 1167 vel
717 1125 821 1178 quod
850 1126 972 1178 Aprili
1003 1139 1138 1167 mense
1173 1127 1233 1168 sol
1262 1130 1299 1168 in
1331 1133 1443 1168 tauro
1475 1133 1545 1168 est.
1579 1151 1633 1158 —-
1671 1126 1867 1178 Auratis,
1904 1141 1998 1170 aura
2029 1130 2167 1181 plenis,
2198 1127 2239 1167 id

82 1187 144 1224 est
171 1184 382 1224 rorolentis
401 1187 455 1235 ⁴),
488 1195 650 1224 vernum
671 1186 824 1234 tempus
844 1182 1050 1235 significat.
1088 1179 1254 1234 Aperit,
1282 1184 1383 1223 bene
1404 1184 1537 1235 aperit,
1571 1185 1659 1235 quia
1680 1182 1822 1235 Aprilis
1843 1184 2054 1236 aperiendo
2085 1184 2238 1224 dicitur.

217 1239 281 1279 Vs.
314 1238 406 1281 218.
464 1237 652 1277 Adverso
685 1241 812 1280 astro,
844 1237 1000 1289 quidam
1031 1240 1132 1278 male
1161 1239 1368 1290 accipiunt,
1398 1240 1532 1279 sirium
1565 1239 1745 1278 ardorem
1767 1242 1804 1287 ⁵)
1835 1240 1955 1288 illum,
1988 1240 2089 1279 sitim
2123 1251 2236 1279 mor-

80 1292 235 1344 bosque
258 1297 297 1342 6)
328 1294 520 1335 ferentem
550 1292 778 1333 mortalibus
808 1293 961 1345 aegris3
1000 1293 1063 1334 alii
1093 1294 1261 1334 adverso
1293 1299 1398 1334 astro
1439 1294 1488 1333 ad
1520 1294 1646 1345 ipsum
1677 1306 1813 1334 canem
1843 1294 2041 1344 referunt,
2086 1294 2157 1334 sed
2187 1293 2237 1335 ad

80 1348 229 1399 solem,
262 1350 327 1400 qui
357 1350 549 1391 adversus
576 1347 815 1400 intellegitur
844 1360 894 1387 ex
924 1360 996 1398 eo,
1040 1349 1146 1400 quod
1176 1354 1313 1389 contra
1343 1349 1528 1390 mundum
1559 1350 1713 1398 nititur,
1753 1349 1823 1389 sed
1852 1351 1976 1402 magis
2007 1350 2238 1403 intellegere

79 1415 154 1444 nos
183 1405 365 1444 convenit
396 1406 563 1445 adverso
595 1408 702 1443 astro
733 1407 887 1442 taurum
918 1402 1015 1453 dici,
1057 1417 1145 1445 cum
1176 1416 1254 1456 quo
1286 1405 1394 1445 canis
1426 1403 1586 1454 occidit,
1619 1405 1707 1455 quia
1737 1403 1942 1456 Niyiclias
1973 1406 2047 1454 ait,
2081 1410 2234 1445 taurum

80 1458 292 1499 adversum
321 1461 421 1500 inter
449 1460 579 1501 sidera
609 1459 793 1507 locatum,
826 1458 930 1510 quod
961 1461 1202 1510 posteriores
1235 1460 1319 1499 eius
1350 1464 1495 1511 partes,
1524 1471 1626 1510 quae
1644 1460 1756 1510 primi
1777 1461 1878 1500 veris
1901 1465 2004 1511 sunt,
2032 1459 2233 1500 humidio-

79 1525 145 1557 res
175 1513 380 1564 habentur,
411 1517 562 1568 priores
596 1518 739 1563 autem,
772 1513 860 1553 ideo
892 1514 982 1565 quia
1012 1519 1162 1554 aestate
1190 1515 1370 1564 existant,
1403 1515 1606 1555 sicciores.
1664 1517 1846 1554 lunicius
1877 1515 1981 1555 dicit.

214 1570 279 1609 Vs.
310 1568 401 1611 219.
463 1569 734 1621 Robustaqae
762 1568 904 1618 farra,
942 1569 1028 1621 plus
1061 1571 1163 1610 enim
1194 1571 1333 1611 virium
1362 1570 1528 1621 habent,
1570 1581 1686 1622 quam
1715 1570 1933 1624 legumina,
1977 1576 2015 1611 et
2044 1575 2233 1623 tempore,

80 1635 158 1677 quo
186 1622 405 1665 Atlantides
436 1625 631 1675 occidunt,
663 1629 754 1664 sunt
783 1623 962 1664 serenda.
992 1647 1048 1653 ——

210 1680 276 1720 Vs.
308 1679 400 1721 221.
458 1679 602 1724 ane,
642 1681 833 1728 orientes3
884 1688 984 1717 eoae
1014 1678 1326 1718 abscondantur
1354 1680 1393 1720 id
1424 1684 1485 1720 est
1515 1680 1705 1720 matutino
1736 1691 1903 1722 occasus
1933 1680 2104 1730 faciunt,
2144 1692 2234 1720 nam

79 1746 169 1775 cum
199 1735 260 1775 sol
288 1736 326 1774 in
357 1736 574 1789 Scorpione
603 1740 664 1775 est
691 1735 771 1774 XV.
803 1734 963 1774 Kalend.
997 1735 1084 1776 Mai.
1116 1735 1309 1788 vergiliae·
1324 1738 1359 1784 ⁷)
1389 1735 1584 1776 occidunt.
1625 1738 1806 1775 lemnius
1831 1736 1934 1776 dicit.
1993 1735 2234 1774 Atlantides

78 1789 118 1829 id
148 1794 208 1830 est
236 1791 410 1831 Pleiades
431 1795 484 1842 ¹³),
515 1791 592 1831 hoc
622 1795 682 1831 est
710 1790 908 1843 vergiliae,
941 1795 979 1830 et
1009 1795 1100 1830 sunt
1129 1802 1214 1839 sex,
1247 1803 1412 1842 quarum
1442 1792 1599 1830 nomina
1624 1790 1815 1843 Alcyone,
1845 1791 2016 1845 Merope,
2051 1792 2234 1841 Celaeno,

77 1844 256 1896 Electra,
286 1845 504 1900 Asterope,
537 1846 713 1900 Taygete
732 1849 786 1894 ⁹).
815 1867 871 1873 —
899 1841 1143 1884 Atlantides
1173 1845 1382 1897 aliquando
1410 1851 1582 1898 septem,
1614 1846 1823 1898 aliquando
1854 1858 1926 1887 sex
1956 1847 2157 1898 videntur,
2195 1848 2234 1887 in

76 1899 287 1942 Novembri
316 1914 396 1942 non
426 1903 607 1944 videntur
637 1913 659 1941 a
689 1901 814 1944 nobis,
848 1900 1144 1941 absconduntur
1167 1902 1221 1948 ¹⁰)
1252 1902 1291 1941 in
1320 1901 1541 1941 Novembri.

212 1956 278 1996 Vs.
310 1955 401 1998 222.
466 1955 639 2003 Gnosia,
670 1956 826 1995 cretica.
858 1978 911 1984 ——-
946 1953 1146 1999 Coronae,
1179 1967 1326 1995 corona
1354 1955 1423 1994 ΧΠ
1453 1956 1577 2009 signis
1606 1956 1784 2010 proxima
1813 1969 1980 2002 corona,
2013 1957 2104 2009 quia
2133 1957 2233 1997 liber

77 2014 188 2063 pater
216 2010 415 2052 Ariadnen
453 2012 570 2053 filiam
608 2011 735 2060 Iovis,
776 2021 959 2051 uxorem>
981 2022 1094 2050 suam
1134 2022 1222 2050 cum
1254 2013 1402 2051 corona
1429 2011 1469 2050 in
1500 2011 1609 2052 caelo
1641 2010 1856 2061 dedicavit,
1898 2025 2015 2064 quam
2047 2025 2232 2053 coronam

77 2065 278 2107 Vulcanus
309 2067 469 2108 abstulit
498 2067 546 2107 ad
568 2068 704 2107 uxoris
732 2066 887 2120 insigne
917 2070 955 2105 et
974 2067 1075 2106 inter
1095 2065 1223 2105 sidera
1245 2066 1452 2106 collocavit
1473 2068 1542 2115 11).
1582 2070 1763 2107 lum-imus
1785 2072 1823 2107 et
1844 2070 2104 2106 GAUDENTIUS
2127 2067 2231 2107 dicit.

215 2123 280 2162 Vs.
312 2120 404 2163 224.
464 2121 626 2161 Invitae
655 2126 802 2160 terrae.
860 2120 980 2160 Tei-m
1012 2121 1113 2160 enim
1144 2121 1301 2171 quando
1331 2125 1488 2171 aratur,
1518 2123 1631 2173 quasi
1661 2123 1824 2162 vulnera
1855 2123 2043 2174 quaedam
2077 2124 2230 2175 patitur.

210 2177 277 2217 Vs.
309 2175 401 2218 225.
463 2177 603 2215 Maiae
632 2177 671 2216 id
701 2181 762 2216 est
789 2176 1051 2226 Atlantidum,
1092 2176 1180 2227 quia
1214 2175 1263 2215 de
1290 2176 1366 2217 illis
1396 2188 1475 2217 una
1504 2181 1565 2217 est
1591 2177 1715 2230 Maia,
1747 2190 1825 2218 una
1855 2179 1904 2219 de
1933 2178 2129 2231 vergiliiS,
2161 2178 2231 2218 sed

77 2243 148 2286 per
174 2244 293 2274 unam
323 2244 460 2273 omnes
489 2232 767 2285 intellegimuS‚
797 2236 934 2284 tropus
965 2230 1228 2283 synecdoche.
1258 2252 1313 2262 —
2287 2238 2290 2240 ’

210 2289 276 2328 Vs.
303 2286 396 2329 226.
454 2286 620 2331 Avenis,
651 2288 800 2338 avenis,
831 2287 1003 2328 calamis.
1570 2312 1573 2315 ι

209 2343 276 2384 VS.
307 2341 401 2385 227.
469 2343 680 2394 Vilemque
706 2341 937 2394 phaselum,
968 2342 1189 2394 plurimum,
1220 2340 1484 2383 abundantem
1505 2345 1574 2392 ¹²).
1621 2342 1747 2384 Omne
1775 2343 1878 2384 enim
1908 2343 2013 2396 quod
2043 2343 2229 2395 abundat,

85 2398 125 2441 vi
184 2397 346 2448 dicitur3
378 2399 518 2452 siliqua
541 2400 597 2448 ¹³)
628 2409 754 2452 genus
784 2398 1008 2451 leguminis,
1038 2397 1143 2449 quod
1171 2408 1245 2437 nos
1278 2397 1480 2450 phaselum
1510 2397 1685 2439 dicimus.

210 2455 278 2495 Vs.
310 2452 404 2495 228.
463 2452 731 2497 Pelusiacae,
760 2452 1064 2502 Alexandrinae,
1094 2463 1173 2492 non
1205 2453 1414 2505 pretiosae,
1447 2451 1496 2493 de
1525 2453 1667 2506 oppido
1686 2453 1840 2494 Pelusio
1869 2455 1909 2494 in
1937 2453 2132 2507 Aegypto,
2164 2455 2230 2496 ubi

74 2509 190 2550 lentis
220 2521 361 2564 magna
391 2513 452 2549 est
483 2509 623 2561 [copia]
647 2511 717 2556 Ητ).
774 2508 894 2548 Moris
925 2513 986 2548 est
1014 2508 1139 2560 poetis
1170 2508 1337 2560 epitheta
1369 2508 1488 2548 rebus
1518 2509 1649 2550 dicere
1679 2514 1746 2549 aut
1774 2522 1796 2550 a
1825 2510 1927 2558 loco,
1956 2510 2022 2551 ubi
2050 2522 2228 2552 nascun—

76 2568 163 2615 tur,
203 2569 272 2605 aut
299 2565 366 2605 ubi
394 2565 564 2617 optimae
592 2567 707 2616 sunt,
746 2568 813 2605 aut
841 2563 908 2604 ubi
936 2563 1138 2616 plurimae.
1195 2563 1326 2604 Lentis
1366 2568 1496 2604 autem
1539 2569 1581 2604 ut
1620 2564 1689 2604 uiti
1728 2565 1815 2605 cula
1845 2564 2025 2617 quidam,
2065 2566 2149 2606 lens
2187 2571 2230 2606 ut

76 2619 188 2660 dens.
219 2642 269 2648 -
301 2619 493 2660 Pelusium
528 2617 678 2659 Graece
708 2618 853 2660 dictum
893 2631 915 2659 a
943 2619 1025 2659 luto
1057 2617 1119 2658 vel
1148 2617 1313 2658 humore
1342 2631 1467 2671 aquae
1505 2623 1544 2659 et
1573 2618 1649 2660 hoc
1687 2619 1869 2673 oppidum
1906 2620 2009 2673 apud
2048 2621 2227 2660 Alexan-

77 2673 200 2716 driam
221 2673 306 2715 Nilo
336 2674 521 2728 irrigatur
549 2674 770 2719 Pelusiaco,
801 2674 863 2716 vel
883 2686 1004 2715 unum
1034 2673 1083 2715 de
1102 2678 1252 2727 septem
1272 2675 1382 2716 ostiis
1405 2677 1460 2723 ¹⁵)
1490 2674 1573 2716 Nili.
1614 2672 1910 2727 Aspernabere,
1941 2676 2226 2729 aspernaberis.

206 2849 259 2891 99)
284 2853 456 2883 metatu.
504 2849 536 2891 1)
562 2848 665 2883 Cod.:
690 2849 810 2884 finit.
836 2849 947 2884 VIII.
971 2849 1009 2884 Κ.
1034 2851 1119 2884 ian.
1141 2861 1174 2884 n.
1200 2851 1252 2884 ad
1299 2851 1334 2893 ²)
1360 2850 1464 2885 Cod.:
1490 2852 1720 2885 inminant.
1771 2852 1805 2894 3)
1830 2850 2006 2885 Xerses.
2054 2850 2089 2892 4)
2116 2850 2224 2885 sicin

75 2895 151 2930 cod.
184 2895 337 2929 Fortasse
360 2895 694 2939 pulverulentis
719 2896 864 2930 scribere
888 2896 999 2930 voluit.
1046 2897 1081 2938 5)
1107 2897 1283 2930 odorem
1310 2897 1351 2930 cf.
1378 2897 1517 2932 Aeneid.
1543 2898 1583 2939 X,
1607 2896 1687 2931 275.
1743 2898 1778 2940 6)
1804 2897 2011 2940 morboq3.
2058 2898 2092 2937 7)
2119 2895 2224 2931 Cod.:

32 2982 35 2984 μ
77 2947 157 2976 est.
182 2941 263 2975 XV.
281 2940 319 2974 K.
344 2941 441 2974 mai.
466 2941 672 2985 vergilio.
716 2942 752 2984 8)
779 2942 964 2985 pliades.
998 2943 1032 2985 9)
1057 2943 1261 2987 caugere.
1295 2943 1345 2984 10)
1375 2944 1720 2978 abscondantur.
1778 2943 1826 2984 11)
1851 2942 1938 2976 Haec
1971 2944 2002 2976 in
2027 2944 2100 2977 cod.
2129 2943 2225 2977 valde

74 2992 238 3078 coslupta.
283 2987 367 3021 Vide
389 2986 493 3023 Servii
514 2986 744 3023 Burmanniani
769 2987 844 3023 cod.
870 2987 908 3023 G.
953 2989 1004 3032 12)
1028 2988 1350 3024 habundanter.
1400 2989 1450 3033 13)
1476 2990 1670 3034 siliquia.
1726 2989 1777 3032 14)
1801 2988 1837 3023 In
1862 2988 1938 3024 cod.
1964 2989 2096 3033 co'pia
2121 2989 2223 3024 deest.

75 3037 107 3067 15
178 3033 328 3069 ostiis.
