2430 3177
59 880 194 959 cum
232 915 325 960 mihi
362 916 562 970 inopinato
600 916 757 959 occasio
796 915 859 956 vel
895 915 1025 968 potius
1062 916 1281 957 necessitas
1329 916 1458 960 oblata
1497 918 1549 959 sit
1586 917 1792 959 annalibus
1838 919 2033 973 gymnasii
2071 921 2197 961 nostri

58 994 248 1038 nonnulla
285 994 554 1048 praemittere,
594 1006 697 1048 quae
725 993 776 1035 ad
804 993 1032 1035 litterariam
1061 1006 1144 1034 rem
1173 993 1405 1048 pertineant,
1434 992 1529 1034 nihil
1558 994 1663 1035 aliud
1693 995 1786 1037 mihi
1804 995 1936 1038 facere
1953 997 2058 1049 licet,
2078 1009 2196 1051 quam

59 1072 210 1115 scholia
238 1071 469 1126 virgiliana,
509 1083 678 1124 quorum
715 1071 925 1111 editionem
957 1075 1048 1111 ante
1075 1071 1337 1124 hos-septem
1366 1083 1490 1112 annos
1520 1071 1673 1125 incepi,
1712 1085 1818 1115 nunc
1845 1086 1973 1128 usque
1999 1074 2050 1116 ad
2078 1074 2197 1116 finem

58 1151 272 1204 publicare.
332 1148 575 1190 Concessum
615 1148 707 1190 mihi
736 1160 816 1189 non
845 1152 927 1199 est,
966 1160 1056 1189 cum
1096 1149 1285 1201 temporis
1325 1149 1517 1202 angustiis
1540 1161 1720 1203 premar,
1760 1150 1810 1192 de
1843 1164 1992 1206 genere
2027 1152 2195 1204 dicendi,

60 1226 168 1281 quod
195 1227 236 1267 in
261 1225 337 1267 illis
365 1225 527 1267 scholiis
559 1225 893 1278 animadvertitur,
922 1238 1028 1268 nune
1055 1230 1240 1268 accurate
1269 1225 1543 1282 etdiligenter
1571 1211 1792 1281 exponere,
1822 1241 2058 1282 quamquam
2076 1230 2199 1271 multa

61 1306 101 1346 in
127 1305 176 1346 iis
203 1305 467 1355 inveniuntur,
497 1316 598 1357 quae
623 1308 757 1345 notata
776 1304 895 1359 digna
922 1308 1015 1345 sunt
1042 1308 1082 1345 et
1111 1303 1161 1346 ad
1188 1309 1342 1357 tempus
1370 1304 1578 1346 referenda
1607 1317 1699 1347 esse
1726 1305 1920 1358 videntur,
1952 1319 2032 1360 quo
2061 1307 2198 1348 Latina

60 1381 195 1437 lingua
223 1382 379 1423 interiit.
436 1381 631 1424 Nonnulla
658 1387 815 1434 tamen,
852 1394 954 1435 quae
980 1393 1144 1437 prorsus
1174 1393 1198 1422 a
1226 1381 1364 1425 Latino
1392 1381 1547 1425 dicendi
1574 1395 1722 1438 genere
1759 1383 1968 1437 recedunt,
2007 1397 2089 1426 non
2115 1389 2196 1426 tam

55 1459 284 1507 scholiastis
324 1460 443 1514 ipsis,
483 1472 599 1513 quam
630 1461 666 1502 ei
694 1460 971 1502 adscribenda·
991 1471 1082 1502 esse
1110 1461 1314 1512 videntur,
1353 1452 1422 1513 qui
1458 1461 1569 1502 utilia
1596 1467 1636 1503 et
1663 1461 1930 1504 memorabilia
1959 1475 2009 1504 ex
2035 1462 2196 1504 scholiis

61 1536 278 1590 excerpsit,
308 1549 387 1590 quo
416 1539 456 1580 in
484 1549 649 1579 numero
676 1538 777 1579 inter
805 1538 879 1579 alia
907 1538 1142 1580 vocabulum
1154 1539 1297 1591 frenus
1313 1551 1384 1594 pro
1395 1539 1558 1590 frenum
1572 1550 1692 1592 pono.
1723 1538 1780 1579 De
1807 1539 1868 1580 his
1885 1540 2005 1581 rebus
2024 1538 2197 1581 fortasse

61 1619 156 1658 tunc
194 1614 372 1667 demum,
412 1628 502 1658 cum
538 1616 705 1658 collatus
734 1628 824 1658 cum
852 1616 1041 1658 Bernensi
1079 1622 1119 1659 et
1155 1616 1283 1660 editus
1322 1617 1554 1659 scholiastes
1582 1617 1802 1659 Vossianus
1838 1617 1977 1668 fuerit,
2015 1619 2127 1661 cuius
2154 1619 2196 1659 in

60 1693 294 1735 bibliotheca
322 1692 504 1735 Leidensi
532 1694 724 1735 asservati
751 1698 903 1747 partem
931 1694 974 1735 V.
1007 1694 1055 1735 D.
1088 1694 1296 1749 Surinyar
1330 1696 1375 1735 in
1402 1694 1582 1736 historia
1611 1695 1761 1736 critica
1780 1695 2097 1736 scholiastarum
2116 1692 2194 1734 La-

63 1773 242 1812 tinorum
270 1771 330 1821 (P.
361 1770 406 1814 11.
436 1785 472 1826 p.
503 1770 761 1823 209-349.)
790 1770 932 1823 edidit,
961 1776 1113 1816 certum
1140 1777 1181 1815 et
1207 1773 1362 1816 firmum
1388 1773 1574 1817 iudicium
1603 1774 1688 1816 erit.
