2430 3177
1214 112 1274 160 18

1108 180 1370 197 *Ιχ-κ

298 245 365 285 Vs.
396 242 461 286 31.
524 242 733 295 Ser-pilia,
764 241 931 293 herbae,
955 242 1140 294 yraviter
1169 241 1272 281 bene
1301 247 1341 283 et
1370 241 1535 282 multum
1565 240 1783 296 significan
1815 241 1956 293 copia,
1985 241 2235 285 abundantia.
2254 264 2309 272 ——

173 298 419 354 Thymbrae,
450 311 576 353 genus
606 298 751 338 herbae
778 298 818 336 in
846 297 1015 351 Phrygia
1043 296 1261 338 abundans.

301 356 365 395 Vs.
394 353 459 396 32.
518 353 710 397 Floreat,
742 352 883 406 vigeat.
911 374 965 381 —
994 351 1222 404 Inriyuum,
1252 356 1481 404 perpetuum
1511 352 1577 404 qui
1606 352 1725 392 currit
1755 356 1794 392 et
1820 351 1934 405 rigat.
1987 350 2189 395 Violaria,
2219 351 2310 392 loca

168 410 359 459 herbosa3
390 410 550 451 violaria
576 409 617 449 id
645 413 705 449 est
733 407 918 448 foliorum
949 409 1123 461 copiam,
1153 407 1217 447 vel
1244 407 1430 458 violaria,
1459 407 1525 448 ubi
1557 407 1683 449 violae
1712 411 1952 458 nascuntur,
1984 412 2026 448 ut
2053 407 2220 449 rosaria.

299 466 365 505 Vs.
391 460 457 505 33.
516 462 637 515 Ipsa,
668 463 871 512 examina;
900 467 1016 507 suta,
1048 462 1266 515 conposita.

299 520 366 559 Vs.
395 517 462 561 34.
528 517 686 569 Texta,
716 518 879 559 textilia.

298 575 362 614 Vs.
394 572 461 615 36.
525 572 667 626 Cogit,
699 573 854 614 cohibet
882 573 945 614 vel
974 572 1110 626 aperit.
1141 594 1196 601 --
1227 569 1437 617 Remittit,
1468 572 1642 613 resolvit.

302 630 369 670 Vs,
399 628 465 671 37.
532 629 715 681 Utraque
753 629 839 677 vis,
877 629 1021 669 coloris
1061 632 1099 669 et
1137 626 1310 681 frigoriS‚
1352 631 1520 680 utraque
1560 628 1698 669 iniuria
1740 625 1878 680 apibus
1914 625 2124 668 metuenda
2152 624 2313 680 frigoris
2364 666 2377 675 „-

170 686 320 727 scilicet
349 689 388 725 et
416 684 573 725 caloris.
1458 700 1462 703 «

298 741 364 780 Vs.
392 737 458 781 38.
516 737 803 792 Nequicquam
814 739 897 790 ²⁰),
929 737 1086 778 frustra.

300 796 367 835 Vs.
397 793 463 836 39.
526 793 814 846 spiramenta,
852 794 1001 842 exitus,
1041 792 1246 834 foramina.
1286 813 1340 821 —
1380 791 1518 836 Fuco,
1559 792 1679 832 herba
1718 792 1824 833 unde
1861 797 1994 833 vestes
2024 792 2312 845 tinguntur21),

170 851 233 891 vel
270 850 385 890 fucus
416 852 542 902 genus
573 862 710 899 cerae,
742 861 821 900 quo
853 861 925 901 pro
954 848 1104 901 glutine
1135 851 1316 897 utuntur,
1355 859 1458 899 quae
1487 847 1601 900 nigra
1631 852 1692 887 est
1721 853 1764 888 ut
1791 847 1929 898 fucus,
1969 847 2036 900 qui
2064 846 2142 887 mel
2170 857 2314 900 perse-

169 906 310 958 quitur.
374 903 502 948 Oros,
532 905 754 957 spiramina.

305 961 370 1000 Vs.
400 958 466 1000 41.
536 959 682 1002 Visco,
712 959 811 1011 pice.
869 955 931 996 Et
959 957 1073 996 visco
1106 961 1269 995 servant
1313 960 1352 996 et
1388 957 1498 1008 reliq.
1556 956 1664 997 Ordo
1704 962 1784 997 est:
1825 961 1984 998 servant
2012 957 2170 1010 gluten,
2210 955 2316 1008 quod

169 1020 229 1056 est
258 1015 400 1057 lentius
428 1015 538 1055 visco
579 1019 618 1055 et
646 1013 839 1067 Phrygiae
867 1013 965 1066 pice.
1005 1035 1061 1041 —-
1102 1010 1280 1050 Servant
1317 1011 1413 1051 mire
1443 1013 1516 1062 ait,
1559 1024 1649 1053 nam
1678 1012 1776 1065 pilas
1808 1011 1998 1064 quasdam
2027 1012 2067 1051 in
2096 1010 2316 1052 alvearibus

167 1070 337 1120 faciunt,
369 1070 418 1111 de
449 1071 590 1122 quibus
621 1073 758 1122 postea
790 1073 921 1109 creata
951 1071 1320 1120 conponuntitecta.
1380 1065 1569 1118 Lentius,
1599 1068 1782 1121 pinguius
1813 1067 1875 1108 vel
1903 1066 2072 1108 mollius.

303 1126 368 1166 Vs.
399 1124 467 1166 42.
529 1124 578 1164 Si
607 1137 701 1163 vera
732 1128 791 1162 est
819 1123 946 1174 fama,
977 1134 1071 1176 apes
1102 1127 1246 1163 terram
1275 1122 1415 1163 fodere
1444 1134 1576 1174 posse.

304 1181 369 1220 Vs.
400 1178 465 1222 43.
496 1179 654 1228 Larem,
687 1179 859 1219 domum.

300 1236 365 1276 Vs.
396 1234 460 1276 44.
520 1233 843 1286 anicibusque
882 1233 1017 1281 cavis,
1055 1232 1187 1284 saxis,
1227 1244 1329 1285 quae
1366 1232 1559 1274 foramina
1597 1232 1755 1273 habent.
1786 1254 1840 1260 —
1870 1229 2117 1284 Exesaeque
2153 1228 2317 1269 arboris

169 1295 301 1336 antro,
332 1291 439 1343 quod
467 1291 587 1331 nimio
618 1290 754 1331 labore
783 1287 1015 1341 perficiunt(

304 1347 370 1386 Vs.
397 1344 462 1386 45.
525 1345 721 1388 Rimosa‚
751 1343 963 1397 perforata.
2352 1364 2355 1365 ν

174 1456 192 1497 f
305 1401 372 1441 Vs.
401 1399 467 1442 46.
533 1400 765 1453 Unquam),
820 1411 871 1439 ne
913 1398 975 1439 vel
1015 1398 1159 1439 humus
1203 1402 1378 1449 crescat,
1423 1396 1486 1437 vel
1531 1409 1725 1438 cavernae
1768 1409 1792 1437 a
1834 1396 1921 1437 sole
1962 1399 2217 1449 penetrentur
2256 1395 2321 1437 vel
2362 1407 2372 1408 ’

190 1455 334 1510 rigore.
351 1458 408 1505 23)
1071 1505 1074 1506 .

305 1512 371 1551 Vs.
401 1509 468 1552 47.
524 1508 619 1549 Neu
646 1509 827 1561 propius
859 1508 988 1547 textis
1020 1512 1166 1547 taxum
1196 1507 1308 1553 sine,
1348 1513 1464 1549 taxus
1493 1514 1688 1549 venenata
1714 1506 1854 1558 arbor,
1893 1511 1937 1548 ut
1963 1506 2005 1546 in
2032 1505 2224 1547 bucolicis
2235 1507 2317 1554 ²⁴):

178 1564 254 1605 Sic
282 1571 355 1605 tua
383 1569 610 1620 cyrneas25)
647 1566 823 1618 fugiant
863 1563 1055 1602 examina
1092 1568 1244 1615 tazos,
1285 1563 1361 1603 mel
1398 1565 1501 1604 enim
1541 1576 1592 1604 ex
1628 1576 1675 1604 ea
1710 1563 1927 1617 pessimum
1956 1561 2141 1615 gignitur.
2202 1558 2319 1603 Sine,

174 1622 427 1674 imperativus
459 1621 611 1663 modus.
642 1643 695 1648 —
730 1618 893 1666 Tectis,
924 1623 1025 1659 tecta
1054 1630 1160 1659 nunc
1188 1619 1318 1672 apium
1349 1619 1519 1659 alvearia
1550 1624 1677 1659 vocat.
1736 1616 1973 1660 Rubentes,
2002 1616 2188 1657 rubentes
2217 1627 2318 1656 can-

176 1688 288 1772 crYS,
321 1676 445 1718 odore
476 1677 578 1717 enim
607 1676 693 1728 ipso
726 1678 902 1727 pereunt.
962 1672 1195 1717 Habentes,
1227 1686 1316 1714 cum
1345 1678 1525 1724 uruntur,
1556 1684 1635 1715 non
1657 1673 1774 1725 quod
1804 1684 1875 1725 per
1893 1676 2072 1713 naturam
2092 1675 2185 1712 sunt
2203 1670 2320 1712 huius

177 1744 223 1773 co
241 1743 334 1772 or1s.
822 1744 825 1748 Δ

309 1787 376 1826 Vs.
405 1784 471 1828 48.
529 1783 625 1824 Neu
655 1783 776 1823 crede
800 1782 979 1834 paludi,
1008 1794 1059 1823 ne
1086 1782 1203 1824 facile
1231 1787 1474 1836 mergantur.

307 1842 374 1882 Vs.
405 1839 470 1882 50.
534 1840 701 1892 Offensa
740 1838 935 1882 resultat,
984 1842 1154 1879 resonat*
1183 1837 1280 1878 echo
1316 1849 1517 1890 percussa.
1557 1861 1608 1873 -Ρ
1648 1835 1815 1889 lunayo,
1860 1849 1976 1890 quam
2017 1835 2156 1877 Graeci
2195 1835 2323 1877 echon

178 1902 338 1947 vocant,
370 1901 408 1937 et
438 1908 553 1948 quam
584 1906 677 1947 apes
707 1894 960 1934 vehementer
991 1893 1154 1932 horrere
1183 1892 1433 1932 manifestum
1466 1896 1538 1933 est.
2307 1897 2311 1899 ’

318 1952 385 1992 Vs.
416 1950 480 1992 51.
542 1950 666 1995 Quod
693 1953 903 2001 superest,
942 1949 1104 1999 antique
1143 1947 1261 1998 dixit,
1302 1947 1342 1987 id
1382 1952 1443 1988 est
1481 1945 1587 2000 quod
1626 1947 1818 1998 sequitur.
1847 1967 1903 1975 ——
1932 1944 2104 1985 Pulsum
2141 1944 2321 1995 hiemem,

181 2020 284 2048 nunc
315 2006 532 2048 secundnm
558 2005 744 2058 physicos
775 2004 888 2053 dicit,
931 2004 996 2055 qui
1027 2002 1181 2052 dicunt,
1220 2014 1300 2054 quo
1330 2007 1506 2056 tempore
1534 2002 1660 2050 hiems
1672 2002 1731 2052 ²⁶)
1761 2001 1846 2051 hic,
1886 2007 2076 2043 aestatem
2105 2000 2178 2042 sub
2208 2000 2322 2041 terris

182 2068 221 2103 et
249 2063 335 2103 vice
372 2073 510 2111 versa,
551 2065 594 2100 ut
621 2064 848 2098 LUcRETnJS
879 2057 1074 2107 ostendit,
1114 2058 1311 2110 putealem
1351 2070 1494 2110 aquam
1531 2061 1682 2098 aestate
1708 2056 2028 2110 frigidissimam,
2069 2056 2199 2097 hieme
2229 2066 2324 2096 vero

183 2117 446 2170 tepediorem,
475 2116 553 2158 hoc
581 2116 698 2155 sentit
725 2119 764 2154 et
791 2113 975 2154 IUNILIUS
1005 2112 1110 2153 dicit.

313 2172 379 2212 Vs.
408 2170 475 2213 52.
538 2169 624 2210 Sub
657 2174 806 2215 terras,
838 2170 935 2209 mire
963 2167 1070 2208 dixit.
1099 2189 1155 2197 -
1186 2165 1402 2211 Rectusit,
1435 2166 1599 2220 aperuit.

316 2228 383 2268 Vs.
415 2225 481 2267 54.
541 2225 795 2273 Metnnt²⁷),
835 2228 993 2273 secant,
1034 2227 1210 2275 carpunt.
1269 2221 1436 2261 Metnnt
1470 2222 1620 2274 flores,
1658 2220 1764 2262 unde
1792 2226 1831 2262 et
1869 2231 2067 2261 messores
2098 2219 2191 2262 dicti
2220 2223 2324 2261 sunt.

190 2282 352 2326 Floras,
384 2294 435 2322 ex
465 2282 605 2334 quibus
635 2279 758 2333 primo
789 2279 887 2329 mel,
919 2290 1013 2318 mox
1041 2278 1170 2330 pullos
1200 2276 1383 2318 efficiunt.
1417 2300 1466 2305 ——
1499 2275 1682 2321 Libant,
1712 2272 1851 2317 leviter
1880 2279 2058 2329 tangunt.

317 2338 383 2377 Vs.
412 2336 478 2377 55.
537 2335 687 2380 Leves,
719 2334 910 2376 volantes.
969 2331 1101 2377 Hinc,
1134 2331 1287 2373 dehinc.
1350 2331 1463 2379 Qua,
1493 2343 1636 2373 arcana
1665 2333 1816 2372 ratione
1842 2335 2021 2372 naturae.

319 2393 385 2432 Vs.
417 2390 483 2432 56.
541 2389 792 2442 Ρνοῃεηίειη
821 2388 1028 2440 nidosque
1054 2388 1226 2439 fovent,
1256 2386 1446 2427 audenter
1476 2386 1588 2427 dixit.
1831 2381 1835 2386 “

320 2448 384 2487 Vs.
416 2446 481 2490 57,
541 2445 676 2485 Mella
707 2444 957 2491 tenacia²⁸)‚
988 2444 1078 2495 quia
1108 2454 1198 2483 cum
1228 2441 1278 2484 ad
1305 2442 1490 2482 inferiora
1518 2440 1740 2494 dependant
1758 2440 1850 2491 favi,
1882 2440 1960 2481 mel
1990 2445 2122 2481 tamen
2139 2437 2231 2480 inde
2250 2449 2335 2493 non

193 2501 406 2542 infunditur
418 2504 498 2552 ²⁹),
530 2501 635 2542 unde
663 2500 716 2540 ait
743 2499 929 2542 tenacia,
961 2510 1062 2551 quae
1089 2498 1129 2538 in
1155 2497 1391 2550 resupinatis
1402 2499 1458 2546 ⁸⁰)
1488 2496 1588 2538 favis
1622 2496 1847 2538 cohaerent.
1860 2497 1914 2546 31)

324 2557 389 2595 Vs.
419 2555 484 2598 58.
548 2555 713 2602 caveis,
743 2554 938 2595 alveariis.

327 2612 390 2651 Vs.
423 2610 488 2652 59.
546 2609 660 2648 Nare
690 2614 797 2649 trans
828 2621 958 2659 mare,
988 2608 1029 2648 in
1057 2608 1179 2649 altum
1207 2607 1355 2648 volare.
1385 2629 1438 2635 -
1470 2603 1718 2658 Liquidum,
1748 2616 1950 2655 serenam,
1979 2615 2130 2656 puram.

326 2667 390 2706 Vs.
423 2663 488 2706 60.
548 2663 775 2709 Mirabere,
808 2663 1092 2709 miraberis.⁸²)
2118 2680 2121 2683 ·

328 2722 395 2762 Vs.
427 2718 488 2760 61.
554 2718 890 2769 Contemplator,
926 2718 1047 2759 futuri
1074 2716 1350 2769 imperativus,
1380 2716 1420 2756 id
1449 2721 1509 2756 est
1535 2715 1769 2765 observato,
1806 2713 2068 2766 adspicit0.³⁸)
2103 2737 2144 2742 —-
2177 2710 2332 2765 Aquas,

199 2778 288 2828 quia
319 2777 520 2828 petunt³⁴)
551 2785 674 2826 aquas
704 2773 862 2824 dulces,
891 2773 981 2814 ideo
1008 2772 1200 2827 praedixit
1227 2772 1363 2811 tenuis
1390 2771 1560 2823 fuyiens
1587 2783 1664 2822 per
1691 2769 1883 2822 momina
1912 2769 2037 2807 rivus.

333 2931 384 2973 20)
409 2929 682 2974 Nequiquam,
707 2933 741 2962 ut
763 2928 831 2962 fere
857 2939 998 2973 semper.
1043 2930 1094 2967 21)
1121 2928 1232 2963 vesti
1257 2925 1522 2970 fungujitur.
1569 2925 1621 2967 2²)
1647 2934 1766 2969 unge.
1814 2924 1866 2965 23)
1892 2923 1929 2957 ln
1953 2928 2040 2956 textu
2064 2922 2186 2966 Virgilii
2211 2922 2334 2956 fron·

203 2977 295 3016 des,
329 2978 361 3010 in
385 2978 530 3020 margine
561 2975 757 3018 adscriptum
787 2974 915 3008 fores.
961 2974 1014 3016 24)
1039 2973 1153 3019 Eclog.
1189 2973 1294 3015 vim,
1325 2971 1382 3007 30.
1431 2973 1484 3013 25)
1512 2981 1713 3015 gryneas.
1759 2971 1812 3012 26)
1837 2969 2012 3012 hiemps.
2058 2969 2110 3010 2¹1)
2135 2968 2336 3002 Metuant.

203 3022 255 3063 28)
281 3023 455 3055 tenatia.
501 3022 554 3063 29)
578 3021 729 3054 Voluitne
752 3019 1024 3054 effunditur?
1059 3021 1111 3062 30)
1135 3020 1413 3063 resopinatis.
1460 3018 1512 3059 31)
1536 3017 1572 3051 ln
1597 3022 1684 3052 textu
1709 3015 1939 3057 excudunt,
1961 3016 1996 3049 in
2020 3015 2166 3058 margine
2188 3013 2337 3048 exclu-

206 3067 316 3101 dunt.
364 3068 417 3109 32)
440 3067 669 3101 mirabitis.
715 3067 766 3109 33)
791 3067 991 3110 aspicito.
1038 3068 1087 3106 34)
1113 3064 1212 3110 quia
1236 3075 1341 3110 quas
1367 3068 1532 3109 petunt.
