2430 3177
1165 108 1197 155 9

239 241 306 282 Vs.
340 239 430 282 170.
491 239 721 293 Scipiadas
748 249 821 293 pro
849 236 1076 292 Scipiones,
1116 244 1159 280 ut
1190 239 1493 291 [Amazonidum
1526 242 1687 294 pr0148)
1718 242 1978 285 Amazonum.
2035 245 2124 286 Duo
2155 245 2248 287 Sci-

103 296 243 350 piones
274 296 446 345 fuerunt,
481 309 577 338 avus
608 301 646 336 et
673 305 810 347 nepOS,
839 306 1003 346 quorum
1036 306 1137 336 unus
1168 297 1292 336 w’ctae
1323 295 1613 351 Carthagini⁴⁹)
1641 299 1752 353 leges
1784 301 1977 353 inposuit,
2019 300 2119 341 alter
2147 314 2248 341 ean-

104 352 194 394 dem
224 351 354 392 diruit.
413 352 498 393 Hoc
527 353 677 406 plenius
707 350 746 389 in
775 353 890 389 sexto
922 349 1021 390 libro
1038 350 1097 401 ³⁰)
1127 350 1315 391 dicemus.
1616 353 1625 355 ”

240 407 306 447 Vs.
342 405 431 449 172.
490 406 687 446 Inbellem
719 408 758 444 et
785 404 958 455 reliqua,
993 409 1036 445 ut
1076 405 1164 445 alibi
1199 407 1295 446 scita
1334 406 1491 447 lat-entia
1522 407 1713 459 quaedam
1742 422 1813 462 pro
1843 409 2088 451 abscondunt
2117 415 2155 451 et
2182 411 2249 451 la-

104 462 223 503 tentia
253 462 423 512 faciunt,
465 463 524 502 sio
554 467 592 502 et
619 461 681 502 hic
711 471 790 500 non
820 457 1014 497 inbellem
1044 462 1216 511 avertis,
1256 461 1327 501 sed
1366 474 1480 513 quein
1522 467 1563 503 tu
1598 463 1780 503 inbellem
1808 464 1904 504 facis
1937 471 1973 506 et
2003 467 2059 506 sic
2088 467 2248 518 avertiS,

103 517 166 558 vel
194 517 284 557 ideo
313 518 490 567 inbelles,
523 517 613 569 quia
643 515 717 556 hos
744 514 890 555 Caesar
920 517 1206 556 contemnendo
1230 516 1394 556 inbelles
1415 518 1579 558 vocavit.
1636 515 1828 562 Arc-ibus,
1859 520 2043 560 Romanis
2075 521 2249 562 urbibus.

106 595 161 601 ——
192 571 388 610 Inbellem
419 573 593 620 avertis,
621 571 786 611 inertem
816 574 883 609 aut
911 571 996 609 sine
1025 571 1127 611 bello
1156 572 1295 626 sugere
1323 571 1445 621 faciS,
1484 572 1523 611 id
1560 577 1621 613 est
1651 575 1862 614 avertendo
1894 576 2024 616 reddis
2054 577 2249 617 inbellem.

103 625 274 671 Indum,
314 626 398 666 Indi
436 627 485 668 ad
516 628 706 667 orientem
736 629 850 674 sunt,
888 638 908 666 a
938 625 1099 665 flumine
1126 625 1222 667 Indo
1253 627 1366 677 dicti,
1407 627 1478 667 sed
1511 639 1615 668 nunc
1648 641 1717 680 per
1747 628 1863 669 Indos
1892 630 2080 671 barbaras
2109 636 2249 684 gentes

103 681 310 735 significat,
343 694 446 733 quae
474 687 565 723 sunt
594 682 641 722 ad
673 682 883 730 orientem3
911 692 992 721 non
1021 682 1122 721 enim
1154 682 1237 723 Indi
1264 687 1413 724 tantum
1442 682 1648 735 imperium
1673 679 1917 736 Romanum,
1949 686 2020 726 sed
2048 686 2177 726 Parthi
2191 689 2248 735 51)

102 741 142 778 et
170 737 238 789 qui
267 737 341 776 sub
369 737 518 778 Parthis
549 741 680 787 erant,
710 747 885 777 sensere.

238 792 306 832 Vs.
340 790 430 833 173.
493 792 619 831 Salve
658 804 728 845 pro
768 788 978 831 adoratore
1014 792 1184 845 positum
1225 797 1307 842 est,
1347 796 1390 832 ut
1428 791 1541 831 salve
1575 797 1721 832 sancta
1749 806 1902 845 pareus
1939 796 2117 834 etsalce
2143 797 2249 847 fatis

103 846 207 887 mihi
235 845 377 886 debita
408 848 554 892 tellus,
587 852 625 888 et
656 861 680 885 ο
708 846 789 898 fidi
824 844 975 885 Troiae
1004 847 1157 886 salvete
1183 852 1406 898 peretestes
1421 851 1491 896 ⁵²).

234 902 300 942 Vs.
333 901 423 943 174.
491 902 608 948 Tibi,
642 902 689 943 ad
719 907 825 942 tuam
854 902 1056 942 honorem.
1103 902 1187 941 Res
1209 903 1428 955 antiquae,
1458 904 1636 955 antiquas
1665 916 1729 944 res
1741 917 1752 952 ;
1783 904 1847 944 hic
1875 917 2017 944 sensus
2049 911 2128 946 est:
2161 907 2248 948 dico

100 957 177 998 lam
207 957 320 1009 haec,
352 970 454 1010 quae
483 959 573 1000 olim
594 959 710 998 debui
732 957 874 998 dicere.
905 980 957 985 —
992 955 1087 996 Tibi
1114 970 1178 997 res
1209 958 1405 1011 antiquae
1434 957 1594 1004 laudis,
1627 960 1718 1012 quia
1748 960 1917 1012 antiquis
1938 962 2108 1002 maxime
2128 974 2248 1016 agro-

100 1024 187 1053 rum
220 1013 398 1054 culturae
426 1015 616 1054 inservire
645 1014 861 1066 gloriosum
893 1016 989 1054 erat.
2086 1041 2089 1044 -

232 1067 299 1108 Vs.
335 1067 424 1108 175.
483 1067 728 1119 Inyredior,
760 1068 915 1120 incipio.

232 1123 300 1163 .Vs.
333 1121 424 1163 176.
484 1121 705 1162 Ascraeum
745 1128 783 1163 et
820 1124 990 1176 reliqua,
1030 1136 1189 1165 carmen
1228 1125 1389 1166 Hesiodi
1431 1125 1549 1174 dixit,
1592 1139 1688 1181 ergo
1727 1126 1800 1167 alia
1842 1126 1935 1167 dicit
1971 1138 2050 1167 non
2081 1139 2158 1179 quo
2175 1128 2247 1179 68).

99 1176 228 1219 Ascra
269 1179 405 1219 civitas
440 1178 704 1229 in-Graecia,
744 1178 811 1218 ubi
849 1184 940 1220 sunt
977 1185 1092 1219 natae
1120 1180 1277 1231 Musae,
1319 1181 1424 1221 unde
1464 1183 1631 1233 sumpsit
1660 1181 1855 1222 Hesiodus
1888 1181 2062 1222 Graecus
2093 1194 2248 1234 poema,

100 1233 192 1273 inde
223 1237 262 1273 et
291 1246 367 1287 ego
397 1233 447 1274 ad
477 1234 685 1274 dicendum
715 1234 877 1286 sumpsi,
907 1234 977 1274 sed
1007 1236 1071 1275 ille
1103 1235 1260 1276 Graecis
1282 1238 1432 1287 cecinit,
1466 1249 1541 1290 ego
1561 1237 1760 1278 Romanis.
1792 1259 1845 1264 —
1874 1235 2116 1282 Ascraeum,
2148 1249 2248 1278 cano

99 1287 282 1338 Hesiodi,
315 1289 454 1329 Graeci
484 1295 637 1342 poetae,
670 1301 840 1330 carmen.
897 1289 1122 1328 Ascraeum
1153 1304 1175 1330 a
1205 1291 1292 1331 vico
1323 1291 1462 1342 Ascra,
1496 1293 1562 1332 ubi
1593 1293 1786 1333 Hesiodus
1799 1295 1855 1340 54)
1887 1297 2014 1332 natus.

234 1343 301 1384 Vs.
335 1343 425 1384 177.
484 1342 610 1382 Nunc
640 1344 757 1383 locus
789 1348 826 1383 et
856 1345 1018 1396 reliqua,
1050 1350 1204 1399 tempus
1235 1346 1389 1385 dicendi
1419 1352 1597 1386 naturam
1629 1360 1837 1400 agrorum3
1869 1347 2048 1399 iuqeniz's
2075 1358 2147 1400 pro
2168 1359 2248 1387 na·-

100 1398 212 1439 turis.
250 1422 303 1428 —-
343 1399 385 1438 In
424 1399 501 1440 hoc
539 1400 627 1439 loco
666 1400 881 1452 propositio
896 1403 951 1448 ⁵⁵)
992 1402 1234 1452 continetur,
1275 1401 1415 1440 deinde
1451 1404 1684 1454 exsequutio
1724 1403 1916 1451 breviter3
1962 1415 2066 1453 quae
2096 1401 2249 1441 robora

100 1454 268 1506 cuique,
300 1466 402 1505 quae
422 1455 472 1494 sit
490 1455 729 1507 possibilitas
751 1455 954 1506 cuiusque.
1012 1453 1073 1494 Et
1103 1468 1208 1508 quac
1237 1461 1387 1495 natura
1410 1457 1619 1508 ferendis,
1651 1458 1776 1509 qualis
1806 1462 1969 1497 naturae
1992 1469 2250 1510 unaquaeque

100 1509 169 1561 sit,
204 1514 243 1550 et
272 1509 363 1561 quid
392 1511 561 1549 maxime
590 1510 771 1562 generari
800 1512 937 1561 possit.
1192 1557 1196 1560 ⁴
1453 1528 1456 1531 ·

233 1564 299 1603 VS.
335 1562 424 1605 178.
489 1564 590 1609 Quis
622 1564 764 1608 color,
797 1577 898 1615 quae
927 1565 1095 1617 specieS.

233 1618 300 1658 Vs.
330 1617 422 1660 179.
480 1617 717 1672 Difficiles,
750 1619 883 1658 durae.
915 1642 969 1648 -—
1000 1619 1206 1672 Mal1’9m',
1238 1621 1390 1661 steriles
1420 1621 1482 1662 vel
1514 1624 1655 1674 asperi.

236 1674 302 1714 Vs.
334 1673 425 1715 180.
490 1673 664 1719 Tenuis,
700 1675 786 1714 sine
815 1674 1004 1725 humore,
1036 1677 1128 1727 quia
1158 1680 1218 1716 est
1247 1681 1284 1716 et
1313 1677 1482 1729 pinguis.
1547 1676 1765 1725 Calculus,
1799 1677 1954 1731 lapillus
1993 1677 2030 1719 id
2062 1682 2123 1718 est
2152 1678 2249 1731 lapis

99 1728 228 1771 brevis
250 1733 379 1770 terrae
404 1729 614 1779 admixtus,
648 1729 774 1770 dictus
795 1729 900 1780 quod
921 1731 1007 1770 sine
1026 1731 1205 1771 molestia
1226 1732 1287 1772 sui
1306 1732 1498 1772 brevitate
1528 1733 1710 1773 calcetur.
1733 1756 1787 1762 —-
1818 1732 2035 1777 Dzziizosz‘s,
2066 1736 2249 1785 spinosis.

100 1838 138 1880 ὼ
171 1824 185 1835 .
235 1785 301 1825 Vs.
334 1783 426 1826 181.
484 1784 711 1834 Palladia,
741 1797 764 1824 a
792 1784 988 1837 Minerva,
1021 1797 1068 1825 eo
1099 1786 1204 1838 quod
1233 1786 1406 1827 Minerva
1437 1788 1548 1830 oleae
1576 1789 1771 1829 inventrix
1801 1788 1954 1832 dicitur.
1976 1810 2030 1816 —
2071 1787 2248 1834 Vir-acis,

129 1840 165 1880 'u
195 1841 375 1881 viventis.

234 1895 301 1936 Vs.
334 1893 426 1936 182.
485 1893 679 1943 Indicio,
707 1894 955 1945 testimonio,
986 1894 1025 1935 id
1046 1899 1106 1936 est
1136 1896 1329 1949 exemplo.
1394 1894 1675 1946 Olenum-⁵⁰),
1707 1898 2013 1951 genus'arboris
2045 1898 2171 1940 olivae
2187 1899 2248 1939 si-

99 1949 214 1990 milis.
245 1974 297 1978 —
342 1948 521 1994 Tractu,
560 1951 757 1991 territorio
786 1954 952 2004 utputa
980 1954 1130 1991 tractus
1160 1952 1403 2003 provinciae,
1440 1951 1480 1992 id
1516 1958 1577 1993 est
1616 1954 1813 1994 territoria
1851 1954 1918 1994 ubi
1958 1954 2099 1994 olivam
2139 1955 2250 1995 nasci

98 2003 218 2056 dicit,
249 2005 301 2045 ibi
330 2011 369 2046 et
406 2006 577 2046 oleaster
606 2006 689 2045 erit.
2069 2014 2072 2015 ’
2099 2008 2102 2009 ’

231 2060 298 2101 Vs.
331 2058 422 2102 183.
481 2059 714 2104 Plurimus,
746 2060 944 2113 copiosus,
1660 2100 1684 2113 ⁴.

230 2116 296 2156 Vs.
331 2114 421 2157 184.
488 2115 679 2167 Uliqine,
708 2115 816 2169 uligo
845 2116 987 2157 humor
1015 2115 1171 2168 quidam
1200 2117 1376 2170 pinguis,
1415 2117 1481 2169 qui
1509 2116 1558 2158 de
1586 2118 1784 2159 montibus
1815 2130 1934 2172 super
1961 2118 2098 2172 glebas
2128 2120 2247 2169 venit,

98 2170 244 2223 quique
273 2183 353 2211 non
386 2172 531 2224 patitur
560 2176 703 2210 terram
734 2183 929 2212 arescere.
962 2195 1006 2201 -
1052 2171 1220 2223 Uliyine
1250 2171 1372 2222 laeta,
1404 2173 1511 2226 uligo
1542 2178 1670 2214 tamen
1701 2174 1898 2214 communi
1936 2175 1990 2213 ait
2028 2175 2066 2212 in
2109 2174 2246 2215 eadem

98 2225 227 2268 forma
255 2238 340 2267 mas
370 2227 434 2266 vel
461 2226 608 2267 femina
638 2231 680 2266 ut
709 2226 803 2280 iligo
833 2226 1042 2280 efferrago.
1100 2225 1233 2265 Laeta
1264 2229 1393 2268 virore
1421 2233 1562 2270 terrae.

232 2282 299 2322 Vs.
333 2280 423 2323 188.
481 2280 683 2325 Felicem,
721 2281 911 2331 fertilem,
948 2281 1172 2322 fecundum.
1201 2303 1259 2311 —
1303 2281 1484 2328 Editus,
1525 2283 1749 2336 expositus,
1791 2287 1834 2323 ut
1871 2282 2045 2335 undique
2083 2284 2249 2338 accipiat

98 2335 238 2388 ssatus,
270 2349 320 2377 ex
348 2349 419 2389 pro
449 2335 634 2377 mercede
663 2336 934 2389 accipiendum
964 2342 1036 2378 est.

230 2392 297 2432 Vs.
333 2390 423 2434 189.
482 2391 745 2439 Filicem⁵⁷)‚
775 2393 864 2444 quia
886 2397 1009 2442 terra,
1036 2404 1137 2444 quae
1168 2391 1307 2433 filicem
1335 2397 1501 2446 generat
1527 2393 1672 2434 inutilis
1704 2398 1782 2443 est,
1822 2393 1912 2444 quia
1942 2393 2127 2445 quicquid
2156 2395 2248 2435 fru-

98 2447 219 2487 menti
257 2451 386 2488 satum
415 2447 553 2496 fuerit,
595 2458 617 2486 a
656 2446 756 2487 filice
793 2447 1022 2488 suffocatur.
1083 2445 1251 2492 Pascit,
1290 2450 1432 2498 nutrit,
1464 2448 1530 2488 ubi
1561 2449 1661 2488 enim
1692 2447 1770 2488 filix
1799 2448 1938 2499 fucrit,
1979 2451 2148 2502 optimus
2188 2456 2249 2491 est

97 2501 211 2543 locus
240 2502 397 2543 vitibus.
429 2526 479 2532 —
522 2501 719 2546 Invisam,
761 2501 938 2543 odiosam
951 2516 963 2552 3
1004 2503 1176 2541 incisam
1212 2504 1388 2554 aratris,
1428 2508 1583 2556 tropum
1613 2503 1903 2555 metaphoram,
1941 2504 2003 2544 vel
2041 2504 2248 2547 videantur

98 2558 213 2610 quasi
241 2569 336 2597 suas
365 2558 525 2598 iniurias
556 2562 685 2598 aratra
714 2558 884 2609 sentire,
914 2557 1019 2610 quod
1050 2557 1203 2597 radices
1234 2558 1343 2599 filicis
1374 2561 1570 2607 aratrum)
1604 2558 1682 2597 sint
1709 2559 2002 2610 impedimento.

231 2613 298 2653 Vs.
331 2611 422 2654 190.
481 2612 635 2661 Hicid
665 2617 726 2652 est
755 2614 893 2665 campi.
913 2635 968 2642 ——
998 2611 1297 2657 praevalidas,
1329 2625 1621 2666 permansuras.
1677 2611 1812 2659 Olim,
1842 2613 2035 2665 futuru1n;
2068 2615 2105 2654 in
2130 2614 2247 2656 laude

97 2678 260 2720 parvum
291 2666 446 2708 dixerat
473 2667 742 2722 praevalidaS,
774 2669 849 2709 nisi
879 2667 1045 2709 dixisset
1074 2668 1187 2718 olim,
1218 2668 1257 2708 id
1287 2673 1349 2708 est
1378 2669 1500 2708 multo
1531 2673 1708 2720 tempore
1736 2668 1958 2711 duraturas.

233 2722 299 2763 Vs.
334 2720 425 2764 191.
485 2723 594 2774 Hic,
624 2734 798 2775 campus.
827 2745 881 2752 —
909 2722 1089 2762 Fertilis
1118 2735 1241 2767 uvae,
1271 2723 1410 2764 fertilis
1440 2735 1544 2764 uvae
1573 2724 1657 2764 erit.

232 2778 299 2818 Vs.
333 2775 424 2818 192.
482 2776 742 2830 Lam-13⁵⁰),
770 2778 808 2818 id
839 2783 900 2819 est
929 2779 1022 2819 vini.
1052 2802 1107 2807 —
1135 2778 1258 2819 Latex
1288 2793 1309 2819 a
1339 2777 1508 2819 latendo.
1540 2801 1594 2808 —

231 2832 300 2873 Vs.
333 2831 423 2874 193.
483 2831 674 2885 Inflavit,
705 2833 858 2874 cecinit.
885 2869 892 2884 „
914 2832 1029 2886 Apud
1050 2833 1201 2874 Tuscos
1222 2834 1324 2874 enim
1355 2847 1377 2875 a
1397 2833 1600 2887 Tyrrheno
1611 2835 1668 2883 ⁶⁰)
1698 2834 1930 2887 symphonia
1953 2838 1991 2874 et
2012 2833 2128 2874 tibiae
2146 2845 2245 2876 usus

231 2977 285 3019 48)
310 2977 399 3010 llaec
422 2978 455 3011 in
480 2977 665 3021 parenthesi
689 2979 795 3022 posita
820 2980 890 3012 sine
914 2979 1014 3012 dubio
1038 2978 1191 3012 addenda
1217 2983 1304 3013 sunt.
1353 2979 1405 3020 49)
1429 2980 1550 3012 uitae
1577 2979 1818 3022 cartagini.
1864 2977 1917 3019 50)
1943 2976 1994 3012 cf.
2019 2978 2061 3012 ad
2085 2979 2169 3013 Aen.
2192 2979 2247 3021 vl,

99 3020 181 3057 844.
207 3022 310 3057 Servii
327 3029 501 3056 comment.
538 3024 590 3066 51)
605 3035 653 3067 pa
667 3026 723 3058 rti
735 3024 826 3058 bus.
859 3025 912 3067 5²)
930 3025 984 3058 Sic
1000 3027 1031 3058 in
1049 3025 1124 3058 cod.
1161 3025 1212 3066 53)
1232 3024 1395 3058 Nonnulla
1413 3025 1572 3058 excidisse
1587 3025 1746 3059 videntur.
1783 3023 1833 3065 5⁴)
1851 3024 2048 3058 esiodus.
2073 3025 2124 3067 55)
2141 3035 2247 3069 pro-

43 3082 47 3086 ·
100 3070 264 3112 portio.
311 3070 366 3112 56)
389 3069 489 3103 olea
514 3072 534 3103 ἒ
555 3071 659 3115 gen'.
705 3071 758 3114 5¹1)
781 3070 978 3106 felicem.
1025 3071 1078 3114 58)
1103 3072 1258 3106 aratri.
1303 3071 1356 3114 59)
1381 3071 1558 3105 latices.
1605 3072 1654 3113 ω)
1680 3076 1855 3114 tyrano.

1957 3124 1984 3168 2
