2430 3177
1162 103 1237 151 37

898 237 1267 306 Adeo-109.
1318 238 1486 291 VII.
1547 289 1548 292 ,

125 345 146 350 “
177 347 195 352 ·’
254 337 360 379 Haec
389 336 528 391 ecloga
562 335 602 377 in
629 337 820 378 honorem
851 335 1032 378 Caesaris
1070 340 1214 392 scripta
1250 342 1330 379 est.'
1380 337 1423 377 In
1451 338 1526 379 hac
1555 338 1693 392 ecloga
1732 350 1927 390 personae
1963 337 2274 379 introducuntur.

118 391 162 434 In
192 392 267 433 hac
296 393 433 445 ecloga
461 392 708 444 pastoraliter
736 392 850 431 trium
872 394 908 440 ¹)
940 397 1141 444 pastorum
1180 404 1385 446 personae,
1418 392 1587 433 duorum
1627 393 1776 434 scilicet
1805 394 2036 435 certantium
2075 398 2113 433 et
2142 394 2277 432 tertius

119 461 230 501 more
266 447 403 488 iudicis
441 447 616 499 loquitur
651 451 690 486 et
727 451 867 497 quarta
904 459 1073 499 persona
1112 449 1298 500 subripit,
1337 446 1378 486 id
1407 451 1468 486 est
1503 452 1706 499 pastorum
1743 448 1805 488 vel
1833 448 2032 500 principis.
2091 446 2276 498 Corydon

118 507 250 545 autem
281 507 318 542 et
337 501 498 553 Thyrsis
528 513 660 542 coram
680 501 884 550 Meliboeo,
915 501 955 540 id
984 508 1044 542 est
1071 503 1211 553 iudice,
1242 503 1281 541 in
1309 502 1530 553 praesentia
1549 501 1784 554 Daphnidis,
1815 503 1855 542 id
1883 507 1944 542 est
1974 502 2025 543 dii
2053 501 2273 554 pastoralis,

118 561 281 607 certant,
311 561 351 596 et
381 557 592 609 allegorice
621 561 819 595 certamen
847 560 1051 607 poetarum
1079 557 1328 613 intellegitur.
1388 556 1573 609 Corydon
1603 557 1706 596 enim
1732 557 1947 610 Virgilium,
1978 557 2139 607 Thyrsis
2173 555 2276 596 Cor-

117 609 308 661 nificium',
347 611 543 651 inimicum
571 610 742 664 Virgilii,
771 610 986 651 Meliboeus
1019 610 1240 652 Cornelium
1272 611 1446 659 Gallum,
1483 616 1639 663 poetam
1670 611 1883 663 optimum,
1913 611 2147 652 iudicantem
2176 611 2277 650 inter

118 678 188 707 eos
218 666 424 719 significat,
455 664 628 717 Daphnis
658 677 752 705 vero
783 665 995 719 allegorice
1025 665 1245 707 Caesarem.
1270 689 1319 694 -—
1348 666 1576 714 Meliboeus,
1610 664 1807 718 Corydon,
1835 665 1996 717 Thyrsis
2027 670 2066 704 et
2086 664 2273 716 Daphnis.

119 721 318 769 Quattuor,
340 730 535 772 personae
562 720 602 759 in
631 720 704 760 hac
733 720 871 773 ecloga
900 720 1223 771 introducuntur,
1253 720 1432 761 Meliboei
1461 721 1609 774 Virgilii
1637 721 1700 760 vel
1719 721 1830 770 Vari,
1861 720 2073 771 Daphnidis
2108 719 2276 760 Cornelii

117 775 218 816 Galli
246 775 313 816 vel
338 774 531 824 Caesaris,
564 774 783 827 Corydonis
815 781 853 815 et
882 775 1098 828 Thyrsidis‚
1127 776 1277 829 Virgilii
1307 781 1345 816 et
1372 775 1506 826 Macri,
1537 787 1704 827 quorum
1733 786 1804 826 par
1833 779 1939 815 aetas
1970 774 2054 815 fuit.
2088 795 2141 801 -—
2170 774 2276 814 Haec

117 831 256 883 ecloga
293 830 450 882 proprie
487 829 706 870 bucolicon.
770 830 877 869 Haec
917 831 1056 884 ecloga
1094 831 1317 871 mimeticon
1344 834 1382 877 ²)
1423 830 1650 882 appellatur.
1724 830 1806 870 Hac
1841 830 1979 882 ecloga
2026 840 2049 867 a
2085 827 2276 868 Meliboeo

115 885 246 926 iudice
284 884 490 925 conflictus
530 888 636 924 totus
656 887 695 932 ³)
735 889 938 934 narratur,
979 887 1089 926 cuius
1124 897 1334 938 personam
1363 886 1547 939 Virgilius
1587 884 1763 925 scribens
1801 884 1936 924 induit.
1996 882 2102 923 Haec
2139 882 2276 935 ecloga

114 940 198 993 pari
224 951 389 988 numero
406 940 727 992 epigrammatum
748 940 894 992 gaudet
923 945 962 980 et
989 941 1228 990 tetrasticha,
1256 940 1294 980 id
1317 945 1377 980 est
1406 945 1589 991 quattuor
1608 951 1761 989 versuS,
1784 940 1969 979 continet.
2010 938 2116 977 Haec
2137 937 2274 990 ecloga

116 995 231 1047 quasi
259 995 298 1034 in
329 993 452 1034 Gallia
478 994 651 1044 canitur,
695 999 737 1033 ut
763 994 842 1034 hic
866 995 1058 1035 virides
1089 1000 1263 1035 tenera
1293 995 1560 1047 praetexit
1588 994 1836 1035 arundine
1869 994 2004 1045 ripas
2032 992 2273 1041 Mincius,

116 1050 223 1090 etin
252 1061 348 1103 agro
379 1049 551 1097 canitur,
588 1054 632 1088 ut
670 1048 805 1089 forte
843 1049 929 1089 sub
970 1055 1147 1103 arguta
1187 1050 1496 1091 consederat
1535 1049 1659 1089 ilice
1693 1048 1927 1101 Daphnis.
1965 1069 2019 1076 -
2055 1047 2271 1087 Meliboeus

116 1104 321 1158 Cornelius
353 1103 499 1157 Gallus,
531 1102 717 1155 Corydon
740 1104 943 1154 Virgilius,
974 1104 1136 1154 Thyrsis
1167 1103 1413 1143 Cornificius.

205 1159 399 1217 ·'VS'.·.1·,.
440 1167 603 1221 Ειηηῑξε,ἰ
633 1171 789 1207 eventu.
856 1165 1043 1219 Aryuta,
1084 1168 1311 1220 personanti
1344 1171 1464 1207 vento
1502 1169 1660 1220 arguta,
1701 1166 1881 1214 stridula,
1923 1166 2076 1215 mobili,
2119 1178 2273 1207 canora·

114 1222 408 1276 lli'c'22'nomen
438 1222 712 1272 arborisilex,
742 1221 952 1274 allegorice
980 1222 1258 1273 rempublicam
1290 1221 1494 1274 significat.
1524 1243 1579 1250 --
1607 1219 1829 1273 Daphnis,
1858 1220 2039 1260 Mercurii
2066 1221 2180 1272 silius,
2212 1220 2273 1260 vel

116 1278 214 1319 deus
242 1277 462 1331 pastoralis,
493 1277 556 1316 vel
584 1277 778 1328 princeps.
835 1275 1059 1328 Allegorice
1089 1275 1246 1324 Caesar,
1277 1277 1341 1316 vel
1371 1275 1575 1316 Cornelius
1608 1276 1752 1316 Gallus.

123 1338 126 1340 ’
248 1333 316 1373 Vs.
347 1330 385 1372 2.
447 1329 759 1382 Compulerant,
791 1329 1117 1371 coadunaverant.
1139 1353 1192 1358 —
1212 1330 1394 1382 Corydon
1422 1335 1461 1370 et
1480 1330 1655 1382 Thyrsis,
1686 1330 1870 1384 Virgilius
1900 1335 1939 1370 et
1960 1329 2270 1370 Cornificius-

116 1387 166 1427 In
195 1391 331 1431 unum,
366 1386 455 1438 quia
486 1387 601 1426 ambo
632 1384 843 1425 Antoniani
859 1387 898 1433 4)
931 1390 1055 1437 erant,
1084 1385 1311 1438 priusquam
1343 1385 1424 1425 suis
1453 1386 1628 1438 privatus
1658 1386 1724 1426 vix
1752 1385 2003 1426 transvadato
2036 1384 2195 1425 flumine
2214 1384 2273 1439 ‘ad

117 1443 327 1494 Caesarem
356 1440 600 1493 confugerat.
617 1443 655 1490 ⁵)

108 1498 115 1509 ’
249 1491 317 1537 V's.
347 1493 384 1537 3.
444 1494 687 1540 Distentas,
716 1496 866 1548 plenas.

248 1553 314 1591 Vs.
344 1549 382 1591 4.
441 1548 572 1589 Ambo
598 1551 807 1602 florentes,
836 1551 987 1591 nobiles
1016 1556 1160 1603 poetae
1190 1551 1374 1602 Corydon
1403 1556 1442 1590 et
1470 1551 1645 1604 Thyrsis.
1668 1573 1720 1579 —-
1749 1549 1935 1589 Arcades
1964 1548 2096 1592 αηιόο,
2126 1549 2269 1590 lauda-

109 1603 191 1649 >tive
218 1604 326 1647 dixit.
387 1605 466 1645 Cur
494 1604 668 1646 Arcades
694 1605 813 1657 dicit,
844 1618 932 1646 cum
961 1605 1160 1646 Mantuani
1191 1606 1299 1646 sint?
1356 1606 1517 1658 Propter
1546 1606 1826 1657 eloquentiam,
1859 1606 1951 1657 quia
1978 1605 2146 1658 agrestis
2177 1616 2269 1644 car-

115 1663 228 1705 minis
254 1661 389 1707 fistula
417 1661 467 1701 sit
494 1661 808 1710 instrumentum,
841 1662 953 1701 cuius
985 1661 1131 1712 primus
1161 1660 1240 1699 Pan
1268 1663 1448 1701 inventor
1475 1661 1561 1700 fuit.

107 1717 111 1721 '
154 1719 156 1722 ’
247 1717 313 1756 Vs.
344 1715 382 1756 5.
446 1713 639 1766 cantare,
668 1726 781 1755 voce.
810 1737 862 1744 ——
892 1713 1060 1766 Parati,
1088 1714 1191 1754 docti
1220 1716 1357 1767 peritia
1387 1715 1535 1756 alterna
1565 1711 1707 1755 dicere.
1965 1751 1967 1753 ,

137 1799 140 1802 »
246 1772 313 1812 Vs.
345 1768 385 1811 6.
443 1769 553 1814 Huc,
582 1782 654 1823 pro
683 1769 757 1809 hic.
815 1767 926 1807 Dum
957 1774 1116 1808 teneras
1146 1769 1329 1823 defendo
1362 1783 1386 1807 α
1411 1771 1577 1821 friyore
1605 1775 1774 1822 myrtus,
1805 1770 1897 1811 dum
1925 1770 2003 1810 illic
2022 1769 2060 1808 in
2080 1766 2271 1808 Cremona

114 1839 243 1869 essem
275 1825 402 1866 subita
430 1829 663 1877 tempestate
692 1824 866 1867 evulsus,
924 1820 962 1862 A
986 1825 1174 1876 friyore,
1211 1838 1234 1866 a
1266 1824 1401 1865 futuro
1436 1825 1606 1879 frigore,
1648 1825 1739 1867 dum
1769 1826 2038 1878 subiungitur:
2068 1824 2273 1875 requiesce

113 1884 187 1925 sub
213 1881 362 1923 umbra.
393 1903 446 1911 —
475 1882 668 1931 Myrtus,
697 1879 816 1919 rudes
845 1880 1011 1932 plantaS.

224 1937 312 1976 -Vs
343 1934 381 1976 7.
448 1934 522 1974 Vir
549 1934 708 1986 yreyis,
736 1934 883 1984 hircuS,
915 1933 953 1975 id
983 1939 1044 1975 est
1071 1944 1163 1987 spes
1193 1935 1338 1988 gregis,
1395 1935 1463 1974 Vir
1481 1934 1613 1988 gregis
1645 1934 1806 1976 abusive
1833 1935 1973 1975 dicitur
2001 1945 2091 1986 spes
2123 1933 2255 1987 gregis

112 1991 405 2042 Decri-averae,
433 1989 561 2035 idssest
588 2001 610 2028 a
639 2001 703 2030 me
731 1993 942 2029 erraverat.
972 2012 1024 2018 —-
1060 1987 1212 2040 Caper,
1239 1990 1394 2038 hircus3
1423 1989 1486 2030 hic
1509 1989 1568 2029 vir
1597 1993 1636 2029 et
1665 2002 1780 2042 caper
1808 1991 1894 2042 ipse
1922 1989 2133 2043 allegorice
2163 2000 2268 2040 ager.

105 2046 252 2100 'Atque
282 2058 359 2098 eyo
391 2043 605 2094 Daphnim
633 2043 811 2094 aspicio,
838 2043 1053 2090 ,Caesarem
1081 2045 1211 2096 petivi,
1244 2049 1288 2084 ut
1315 2044 1379 2084 hic
1406 2045 1514 2084 illum
1543 2043 1621 2084 vidi
1649 2045 1843 2084 iuvenem.

246 2102 314 2141 Vs.
343 2099 383 2142 8.
442 2098 522 2138 Ille
549 2097 621 2137 ubi
649 2111 714 2147 me,
736 2102 886 2136 contra
915 2098 1036 2139 vidit.
1094 2098 1318 2153 Allegorice
1347 2098 1538 2153 significat
1567 2110 1611 2138 se
1639 2099 1843 2152 Virgilius,
1874 2099 1966 2140 dum
1995 2099 2067 2140 sub
2099 2097 2268 2137 Antonio

112 2170 186 2198 sua
215 2157 331 2198 etiam
360 2155 518 2195 minima
545 2157 754 2207 protegere
781 2153 936 2204 nititur,
978 2159 1016 2193 et
1047 2154 1192 2194 maiora
1220 2154 1458 2208 perdidisse,
1491 2153 1568 2194 ‘sed
1596 2160 1804 2206 postquam
1840 2156 1945 2195 venit
1982 2154 2031 2194 ad
2062 2153 2270 2193 Caesarem

113 2212 243 2254 omnia
271 2210 482 2262 recepisse.
513 2230 567 2238 —-
601 2207 739 2259 Otius,
770 2207 898 2258 citius,
929 2208 1116 2249 velocius.
1380 2256 1382 2259 v

105 2304 108 2307 .
217 2308 220 2312 ,
245 2266 316 2307 Vs.
345 2264 383 2306 9.
441 2262 540 2303 Huc
569 2262 679 2307 ades,
711 2262 749 2304 id
780 2267 840 2302 est
869 2268 911 2303 nt
939 2275 1174 2315 responsum
1204 2264 1350 2316 primus
1381 2264 1486 2304 dedit
1513 2264 1578 2304 ille
1606 2265 1764 2316 petenti.
1829 2263 1866 2303 O
1897 2262 2118 2306 Meliboee,
2150 2263 2266 2302 labo-

111 2326 221 2363 rator
250 2325 290 2362 et
316 2324 472 2375 pastor,
511 2318 587 2359 alle
615 2318 724 2359 orice
751 2317 974 2372 Virgiliuss
1013 2316 1150 2369 Caper
1180 2323 1219 2357 et
1250 2319 1396 2362 haedi,
1437 2320 1621 2370 quoniam
1652 2332 1701 2358 ex
1731 2331 1778 2359 eo
1807 2323 2054 2371 generantur.
2088 2342 2138 2348 —-
2170 2317 2268 2356 Huc

102 2376 224 2427 uades,
253 2375 461 2429 huc.veni,
525 2370 563 2419 O
643 2370 817 2423 eliboee,
846 2385 926 2413 vox
955 2377 1015 2413 est
1046 2373 1225 2414 Caesaris
1255 2373 1304 2416 ad
1332 2374 1548 2428 Virgilium.
1622 2372 1758 2424 Caper
1787 2372 1865 2412 tibi
1895 2372 2032 2412 salvus
2062 2378 2103 2412 et
2131 2372 2270 2423 haedi,

103 2430 152 2472 -id
175 2435 247 2476 est,
270 2434 309 2470 et
337 2423 489 2472 maiora·
514 2433 553 2468 et
582 2429 732 2481 minora
761 2426 828 2472 tibi
856 2427 965 2467 salva
993 2433 1096 2468 sunt.

114 2484 131 2530 s
197 2517 217 2528 „
244 2481 408 2534 Vs.sp10.
435 2532 438 2538 .
466 2482 528 2531 Et
547 2483 592 2521 'si
622 2481 726 2535 quid
756 2493 914 2520 cessare
937 2487 1074 2534 potes.
1134 2482 1205 2523 Hic
1223 2483 1442 2523 ostenditur
1460 2483 1674 2524 Meliboeus
1704 2482 1904 2524 laborator
1923 2487 1961 2523 et
1978 2487 2112 2534 pastor
2131 2482 2265 2522 fuisse.

115 2534 357 2592 Requiesee,
384 2538 437 2580 ut'
457 2538 606 2592 pascite
632 2541 677 2578 nt
705 2542 797 2577 ante
825 2537 961 2590 boves,
992 2538 1112 2590 pueri.
1142 2560 1195 2567 —
1229 2536 1279 2575 Si
1309 2538 1412 2589 quid
1441 2550 1598 2576 cessare
1625 2542 1762 2588 potes.
1800 2537 2024 2591 Allegorice
2054 2538 2101 2577 ab
2131 2538 2268 2578 itinere

111 2594 174 2634 vel
210 2594 346 2647 labore
381 2594 644 2647 requiescere.
711 2590 940 2645 Requiesce
975 2591 1049 2631 sub
1078 2591 1231 2633 umbra.
1289 2593 1376 2633 Vox
1406 2592 1585 2634 Caesaris
1621 2592 1671 2634 ad
1699 2593 1923 2647 Virgilium:
1959 2594 2166 2644 requiesce
2196 2592 2268 2631 sub

138 2648 484 2691 rotectione'mea.
561 2648 563 2650 ’
824 2660 826 2662 ’

110 2661 136 2702 p
245 2703 312 2743 Vs‘.
344 2699 409 2744 11.
468 2701 646 2742 quenci.
713 2701 922 2750 Quomodo
960 2702 1114 2743 iuvenci
1149 2701 1267 2751 dixit,
1311 2714 1400 2742 cum
1436 2714 1554 2755 supra
1596 2703 1756 2744 dixerit:
1797 2703 1923 2755 Caper
1955 2703 2020 2743 tibi
2057 2701 2191 2742 salvus
2231 2705 2269 2740 et

111 2757 255 2800 haedi?
313 2757 391 2800 Sed
421 2759 479 2798 sic
507 2757 695 2799 solvitur:
731 2757 818 2798 Huc
855 2757 930 2810 ipsi
965 2770 1034 2810 per
1062 2760 1172 2810 prata
1202 2756 1358 2797 iuvenci
1387 2758 1544 2798 venient
1577 2758 1703 2799 haedi.
1770 2758 1964 2798 Iuvencus
1995 2758 2097 2798 enim
2128 2757 2267 2798 fluvius

113 2985 116 2998 Σ
201 3003 217 3038 f
243 2936 285 3000 1)..
301 2935 607 3036 ῢὸᾱιειῇίίεαιιηζ
634 2933 685 2999 'ij
707 2931 840 3005 Codex:
875 2950 1153 3012 mem'et'icos.⁴¹
1181 2955 1221 2998 ’3)
1246 2954 1387 2991 Codex:
1413 2961 1519 2991 toto.
1565 2957 1601 2999 4)
1625 2955 1758 2991 Codex:
1784 2958 2024 2991 antonium.
2071 2957 2106 2999 5)
2132 2957 2264 2994 Codex:

112 3014 192 3038 con
221 3013 393 3048 agere.
530 3019 533 3022 ·
606 3027 609 3033 .
653 3019 673 3036 ·.
1367 3016 1369 3019 ·
1494 3019 1497 3022 >
1908 3021 1909 3024 =
2213 3023 2217 3026 -
