2430 3177
1209 113 1272 160 26

1108 179 1372 196 Μ

168 242 350 284 dicuntur
389 246 427 283 et
464 243 502 283 in
541 241 699 284 modum
729 241 759 280 Y
792 240 943 281 litterae
980 240 1019 280 in
1048 239 1179 281 fronte
1206 241 1309 281 tauri
1335 246 1437 282 sunt.
1502 239 1666 281 Claram
1696 242 1786 295 quia
1814 253 1894 283 non
1924 242 2088 293 occidit,
2128 248 2197 284 aut
2223 245 2315 297 quia

168 298 268 339 aliae
294 310 373 338 non
404 298 544 337 clarae.
590 295 801 349 Lycaonis
834 293 992 334 Arcton
1019 295 1059 336 id
1087 301 1148 336 est
1177 296 1365 337 maiorem
1392 299 1723 350 septemtrionem,
1755 298 1844 350 quia
1876 299 2004 339 minor
2032 307 2231 351 cynosura
2251 302 2310 349 ⁶⁰)

168 352 321 394 dicitur.
379 352 570 405 Lycaonis
591 355 642 401 ⁶1)
673 351 906 392 subauditur
934 350 1030 403 lilia,
1069 351 1109 392 id
1139 358 1199 393 est
1229 363 1344 404 ursa,
1383 353 1424 393 in
1452 365 1569 406 quam
1607 353 1884 407 transfigurata
1921 359 1981 395 est
2011 353 2198 406 Caliston,
2229 354 2314 408 Ly-

171 409 302 450 caonis
332 407 418 447 filia.

301 463 365 502 Vs.
400 460 489 502 139.
547 461 714 500 Fallere
729 465 786 512 ⁸²)
818 462 930 501 visco
961 462 1010 503 ad
1040 473 1134 504 aves
1166 462 1396 515 capiendas.

301 518 366 557 Vs.
403 515 492 568 140,
553 516 717 566 Famula,
747 530 875 572 genus
905 518 999 558 retis
1028 517 1229 559 fundendo
1261 518 1366 568 dicti,
1395 518 1500 560 unde
1529 518 1760 561 fundatores
1790 518 1997 571 dicuntur,
2028 519 2120 572 quia
2147 518 2316 574 lapidem

169 573 342 625 stuppeis
371 572 535 614 vinculis
564 574 723 624 iaciunt,
754 575 810 614 sic
841 578 878 613 et
906 574 1077 614 iaculum
1107 573 1253 614 dictum
1282 574 1476 616 iactando.
1508 598 1563 605 —-
2160 601 2165 604 -

305 628 371 667 VS.
404 626 494 668 142.
552 627 687 674 Alius,
719 630 903 682 piscator.
1156 652 1161 654 —
2293 655 2296 657 Δ

300 683 367 722 Vs.
403 681 492 724 143.
554 683 705 737 Riyor,
735 685 863 735 acies,
895 689 959 724 ut:
988 685 1131 737 riyiclo
1161 697 1254 724 ense
1282 686 1389 737 ferit
1400 699 1413 731 ;
1443 685 1573 738 rigor,
1605 684 1781 736 durities,
1812 685 1904 726 inde
1933 684 2084 739 rigidus
2114 697 2227 726 amor
2255 685 2294 727 di

171 738 281 778 citur.
339 735 515 777 Lamina
532 742 589 788 63)
621 741 753 793 plures
782 753 854 793 per
881 740 1065 782 laminam
1096 741 1202 781 dixit.
1232 763 1285 769 -—
1313 739 1514 793 Amatae,
1546 740 1734 782 stridulae
1763 752 1909 782 serrae.
1948 741 2089 781 Pernix
2110 741 2324 795 discipulus

173 793 335 834 Daedali
363 805 498 835 serrae
525 807 642 835 usum
672 796 818 848 primus
845 796 1002 836 invenit.
1059 799 1241 836 luximus
1272 795 1377 837 dicit.
1443 828 1454 835 .

304 849 370 888 Vs,
404 847 495 889 145.
553 848 689 895 Artes,
720 851 875 891 Persius
896 854 973 900 ⁶4):
1003 853 1192 906 magister
1220 852 1338 903 artiS,
1368 852 1594 905 ingeniique
1622 850 1786 904 largitor
1814 855 1951 892 venter
1979 855 2148 906 negatus
2177 851 2318 894 artifex

173 905 283 957 sequi
303 907 359 951 ⁶⁵)
391 916 525 945 voces.

306 959 371 999 Vs.
407 957 497 1000 146.
558 959 787 1012 mprobus,
817 963 998 1014 magnus

305 1014 371 1054 Vs,
407 1012 498 1055 147.
556 1014 701 1054 Prima
736 1015 854 1055 Ceres
886 1022 925 1056 et
953 1017 1116 1069 reliqua.
1184 1016 1311 1057 Omne
1338 1016 1605 1071 agriculturae
1634 1027 1759 1070 genus
1788 1015 2012 1057 hominibus
2042 1016 2231 1058 indicavit
2258 1017 2322 1058 alii

175 1069 306 1110 dicunt
336 1069 502 1122 Osirim,
541 1072 605 1112 vel
635 1071 916 1124 Triptolemum
954 1078 1125 1112 aratrum
1165 1073 1364 1113 invenisse
1394 1073 1589 1122 obiciunt,
1630 1071 1701 1112 sed
1730 1072 1835 1113 aliud
1866 1077 1926 1113 est
1965 1085 2122 1114 omnem
2150 1072 2347 1127 invenire*

174 1124 474 1178 agriculturam,
503 1126 608 1167 aliud
637 1139 754 1168 unam
783 1139 878 1167 rem.
909 1151 962 1156 —
993 1128 1148 1179 Ferro,
1176 1140 1348 1168 vomere.
1407 1126 1552 1166 Prima
1583 1125 1704 1166 Ceres
1741 1131 1780 1167 et
1808 1128 1968 1180 reliqua.
2027 1128 2125 1168 Cum
2155 1139 2325 1169 enume-

174 1180 321 1219 raverit
350 1192 396 1220 ea
426 1193 527 1232 quae
556 1182 603 1222 ab
633 1182 726 1224 Iove
753 1183 914 1224 inventa
943 1189 1055 1235 sunt,
1094 1184 1169 1224 alia
1198 1195 1301 1236 quae
1340 1182 1390 1224 ad
1429 1194 1545 1224 usum
1573 1182 1709 1223 arandi
1736 1184 1931 1236 pertinent
1965 1184 2090 1237 prima
2127 1197 2150 1225 a
2181 1182 2326 1225 Cerere
2359 1215 2361 1217 .
2428 1195 2430 1198 ⁴

176 1235 333 1276 inventa
361 1237 547 1276 meminit.

308 1289 376 1330 Vs.
410 1289 501 1332 148.
559 1289 733 1337 Arbuta,
763 1303 890 1347 genus
920 1293 1073 1333 viminis
1103 1293 1222 1333 rubra
1253 1304 1369 1346 poma
1396 1292 1559 1345 habens,
1592 1305 1693 1344 quae
1720 1293 1864 1334 Plinius
1893 1293 2112 1334 unidoneas
2141 1297 2270 1335 vocat.

306 1344 373 1385 Vs.
407 1344 498 1387 149.
556 1345 812 1399 Deficerent.
841 1349 931 1400 quia
962 1360 1130 1400 quercus
1161 1349 1238 1388 mel
1267 1348 1508 1389 adferebant.
1567 1347 1768 1396 Dodona,
1799 1349 1934 1401 civitas
1954 1349 2060 1401 Epiri
2079 1350 2187 1390 iuxta
2207 1359 2326 1401 quam
2368 1367 2382 1373 -

176 1411 316 1441 nemus
345 1399 426 1441 Iovi
458 1409 732 1444 consecratum
762 1410 799 1444 et
829 1403 1030 1445 abundans
1052 1406 1103 1452 ⁸⁶)
1132 1404 1354 1458 glandibus,
1385 1404 1448 1445 vel
1476 1404 1589 1445 locus
1620 1405 1659 1445 in
1682 1404 1868 1455 Chaonia,
1897 1404 1965 1444 ubi
1993 1405 2204 1457 praecipue
2228 1403 2325 1456 Iup-

175 1455 275 1506 piter
304 1455 516 1498 colebatur.
577 1461 732 1498 GALLus
765 1459 869 1499 dicit.
890 1483 946 1488 —
977 1458 1135 1504 Silvae,
1166 1472 1331 1512 quarum
1363 1460 1566 1501 sterilitate
1587 1459 1829 1514 significatur
1849 1464 2070 1500 ceterarum
2089 1458 2324 1500 fecunditas.

175 1507 362 1549 Dodona
391 1524 580 1564 quercum
610 1513 816 1567 significat,
847 1527 948 1566 quae
978 1521 1192 1556 commater
1219 1515 1284 1555 illa
1314 1515 1518 1556 Dodonaei
1546 1515 1662 1556 Iovis.
1719 1518 1901 1555 himmas
1929 1514 2032 1555 dicit.

309 1566 376 1606 Vs.
410 1566 500 1608 150.
560 1568 670 1607 Mox
700 1574 739 1608 et
764 1570 982 1620 frumentis
1014 1569 1135 1609 labor
1165 1571 1348 1615 additus,
1380 1571 1472 1623 quia
1501 1575 1591 1611 ante
1622 1575 1705 1613 erat
1734 1570 1864 1621 labor,
1896 1569 1968 1610 Sed
1996 1574 2145 1612 tantum
2173 1568 2323 1611 herba-

177 1631 263 1659 rum
291 1625 334 1660 ut
363 1622 558 1673 ciborum,
588 1630 726 1676 postea
756 1627 924 1666 accessit
951 1626 1141 1678 rubiginis
1172 1626 1295 1667 labor.

310 1676 376 1715 Vs.
410 1675 497 1718 151.
556 1678 695 1732 Esset,
725 1685 986 1720 consumeret.
1045 1679 1242 1732 Rubigo,
1272 1692 1399 1733 genus
1428 1681 1531 1731 vitii,
1562 1693 1639 1733 quo
1669 1680 1785 1722 culmi
1813 1685 1978 1732 pereunt
2008 1681 2195 1729 abusive,
2224 1692 2323 1733 pro-

177 1729 260 1781 prIe
289 1730 426 1772 vitium
455 1733 678 1775 obscoenae
705 1734 895 1784 libidinis,
929 1735 1034 1786 quod
1064 1735 1175 1774 uleus
1206 1740 1380 1787 vocatur,
1409 1741 1453 1776 ut
1482 1736 1604 1777 Varro
1634 1736 1699 1777 ait.
1728 1758 1783 1766 --
1813 1733 1987 1786 Seym‘s,
2016 1735 2185 1786 inutilis,
2215 1734 2322 1776 infe-

178 1784 343 1836 nundus,
374 1788 464 1840 quia
493 1800 636 1843 segnes
664 1789 759 1831 facit
788 1789 958 1830 carduus
989 1789 1056 1830 ubi
1084 1790 1268 1830 calcatur.

310 1841 377 1882 Vs.
407 1841 499 1884 152.
559 1845 685 1884 Subit
715 1857 865 1896 aspera
893 1845 1013 1889 silva,
1045 1845 1094 1884 de
1122 1845 1253 1885 herbis
1283 1844 1397 1885 dicta.

310 1896 377 1937 Vs.
410 1897 500 1940 153.
566 1898 742 1945 Tribuli,
773 1901 919 1952 spinae.
951 1924 1005 1929 ——
1034 1898 1241 1944 Νἰτεηιία,
1273 1899 1478 1941 viridantia
1497 1903 1568 1948 ⁶⁷).

312 1951 378 1992 Vs.
412 1952 502 1995 154.
561 1953 724 2008 Infelioe
754 1955 802 1995 ad
834 1955 1109 1996 discretionem
1141 1968 1287 2005 earum,
1320 1968 1422 2007 quae
1451 1959 1649 1995 seruntur.
1708 1952 1992 1994 Domimmtur
2017 1967 2186 2008 avenae,
2216 1956 2322 2008 quod

180 2004 295 2046 altius
324 2006 427 2048 inter
454 2015 612 2062 segetes
643 2015 845 2061 crescunt,
876 2006 967 2051 ideo
998 2010 1246 2051 dominantur
1276 2011 1383 2051 dixit.
1413 2033 1468 2039 -
1499 2009 1684 2061 Infelix,
1722 2011 1812 2063 quia
1841 2011 1990 2052 nullum
2018 2010 2112 2051 facit
2138 2011 2321 2064 fructum,

181 2060 252 2100 sed
280 2063 407 2115 magis
439 2065 632 2105 messibus
664 2066 788 2106 obest.
845 2063 1021 2110 Avenae,
1052 2065 1199 2106 herbae
1228 2066 1422 2106 messibus
1451 2067 1628 2106 nocivae.

311 2117 376 2157 Vs.
409 2117 500 2160 155.
565 2120 689 2166 Quod
716 2121 798 2159 nisi
827 2126 865 2161 et
890 2121 1052 2173 reliqua.
1085 2121 1191 2162 Haec
1216 2122 1484 2174 superioribus
1514 2119 1632 2170 addit,
1663 2133 1753 2162 nam
1777 2122 1854 2162 illic
1884 2120 1981 2161 dixit
2009 2122 2158 2160 amaris
2187 2120 2323 2161 intiba

178 2168 307 2220 fibris.
366 2171 641 2226 Insectabere‚
669 2177 947 2226 insectaberis,
989 2176 1028 2216 id
1059 2182 1119 2216 est
1157 2178 1233 2217 nisi
1263 2177 1448 2217 araveris.
1488 2198 1543 2204 ν-
1583 2175 1750 2215 Rostris
1787 2176 1984 2218 raritatem
2014 2175 2186 2217 denuum
2215 2176 2321 2228 dicti,
2354 2202 2368 2206 -

180 2225 423 2269 insectabere
452 2232 588 2271 rastris
618 2231 754 2272 haeret
783 2232 930 2270 amaris
960 2230 1093 2270 intiba
1119 2231 1248 2284 fibris.

314 2283 380 2323 Vs.
412 2283 502 2326 156.
561 2285 623 2326 Et
652 2287 793 2326 sonitu
822 2285 992 2326 terrebis
1023 2300 1137 2332 aves,
1176 2288 1311 2329 haeret
1338 2284 1539 2339 inprobus
1570 2299 1700 2325 anser.
1730 2309 1782 2315 —
1819 2285 1880 2325 El
1908 2287 2017 2325 ruris
2047 2286 2176 2338 opaci
2207 2285 2323 2337 falce

180 2348 348 2387 premes,
378 2339 515 2381 haeret
544 2346 615 2380 aut
644 2341 786 2381 umbra
814 2346 951 2381 nocet.

315 2393 381 2434 Vs.
416 2393 505 2436 157.
562 2395 740 2448 Premes,
772 2398 1013 2450 supprimes,
1043 2396 1215 2449 incides,
1248 2408 1490 2450 compesceS.
1547 2395 1677 2435 Falce
1700 2408 1862 2448 premes
1891 2395 2077 2448 umbras,
2114 2396 2190 2437 nisi
2218 2396 2321 2438 falce

185 2450 435 2509 temptaveris
464 2464 609 2493 ramos.
641 2475 693 2482 -
733 2452 932 2505 Votisque
962 2453 1174 2492 vocaveris
1205 2452 1381 2501 imbrem,
1410 2452 1547 2493 haeret
1574 2451 1741 2491 huntida
1771 2452 1968 2492 solstitia.
2010 2454 2192 2492 Iummus
2220 2451 2320 2492 haec

183 2504 395 2554 coniungit.

315 2557 381 2597 Vs.
412 2559 503 2602 158.
559 2561 677 2608 Heu,
720 2574 766 2612 o;
797 2574 871 2603 suo
901 2574 1011 2604 more
1037 2563 1200 2617 ingemit
1218 2566 1275 2613 ⁸⁸)
1305 2562 1481 2604 referens
1511 2561 1561 2603 ad
1589 2572 1821 2615 personam,
1860 2561 1910 2602 de
1938 2573 2016 2614 qua
2043 2561 2226 2614 loquitur.
2267 2584 2320 2591 —-

184 2607 401 2670 Αθθνυίιηῖ,
433 2616 716 2658 multitudinem
744 2618 916 2671 frugum.
947 2641 1000 2647 --
2332 2624 2335 2626 ’

317 2666 390 2714 Vs.
424 2667 514 2711 159.
577 2672 752 2717 Quercu,
784 2673 947 2726 glandes
977 2672 1026 2713 ad
1053 2675 1199 2715 victum
1229 2671 1462 2726 colligendo.

315 2722 382 2764 Vs.
416 2722 506 2766 160.
566 2725 698 2771 Arma,
727 2729 998 2780 instrumenta,
1027 2733 1070 2770 ut
1100 2729 1266 2769 cerealia
1294 2740 1415 2770 arma.

315 2780 383 2822 Vs.
415 2779 507 2823 162.
575 2780 710 2821 Vomis
750 2788 789 2823 et
816 2796 954 2825 vomer
981 2784 1149 2825 vomeris
1186 2783 1355 2835 faciunt,
1396 2787 1435 2823 et
1463 2794 1514 2823 ex
1544 2793 1594 2824 eo
1623 2780 1775 2833 dictuS,
1814 2781 1920 2834 quod
1957 2781 2150 2825 trudendo
2188 2786 2319 2828 vomat

185 2835 338 2875 terram.
367 2857 422 2866 —-
447 2835 612 2889 lnfleoei,
642 2849 714 2891 pro
740 2837 844 2891 flexi,
873 2840 1005 2881 inflexi
1033 2844 1191 2895 propter
1218 2839 1352 2882 sulcos
1378 2838 1494 2880 altius
1521 2836 1801 2892 inprimendos.

317 2981 369 3022 60)
393 2983 555 3016 cinosa.
603 2983 653 3025 61)
679 2983 853 3016 licanis.
899 2984 948 3024 6²)
972 2983 1147 3018 fellere.
1194 2984 1246 3026 63)
1270 2984 1306 3018 In
1330 2983 1425 3017 cod.:
1449 2982 1615 3016 lamina
1639 2988 1670 3016 et
1694 2983 1846 3016 rammam
1892 2983 1943 3024 64)
1967 2982 2174 3016 Perseus.
2207 2982 2259 3024 65)
2282 2981 2319 3015 In

186 3026 282 3112 ἕξ]
323 3029 496 3071 ingenii
536 3029 728 3073 largitor
765 3034 924 3063 ventor
963 3033 1097 3073 negat*
1138 3030 1343 3063 artifices
1381 3030 1517 3073 sequi.
1568 3029 1620 3070 66)
1652 3028 1928 3063 habundans.
1984 3029 2036 3070 67)
2060 3027 2319 3063 viridentia.

263 3079 463 3116 ingemat.
