2430 3177
1132 55 1193 103 13

220 190 286 230 Vs.
315 187 409 231 443.
469 187 730 237 Ιηῑοτηεΰῖ),
755 186 954 227 sordidus.

220 245 285 284 Vs.
315 242 410 284 444.
471 242 658 295 Hirsuti,
689 242 850 294 spinosi.
952 243 960 249 '

220 299 285 338 Vs.
315 297 410 339 445.
471 298 694 352 Mayistri,
721 301 916 350 pastoreS.

218 354 282 394 Vs·
311 352 404 394 446·
464 355 603 398 Aries,
636 353 773 393 ducem
805 352 897 392 dicit
927 353 1075 402 gregi&
1104 351 1194 394 huic
1224 352 1327 393 enim
1357 352 1487 392 solent
1517 357 1695 403 pastores
1717 358 1862 405 partem
1886 354 1998 393 lanae
2019 353 2226 404 dimittere,

85 419 176 450 nam
207 419 303 449 oves
333 421 488 460 semper
518 415 655 449 tonsae
683 408 874 446 lavantur.
945 406 1092 459 Villis,
1131 407 1195 448 hic
1237 407 1365 447 villus.
1403 429 1455 435 -
1489 407 1756 455 Siinone1n⁶³)
1786 408 1875 450 dicit
1907 408 2046 449 (lucem
2077 410 2226 462 gregis,

87 476 204 516 quem
233 465 286 503 ita
317 468 355 504 et
394 463 524 503 Varro
555 466 846 504 commemorat.

217 519 284 558 Vs.
308 516 402 560 448.
461 517 532 557 Acl
579 522 738 556 tonsum
788 520 827 556 et
870 516 979 568 reliq.
1029 516 1105 557 hoc
1151 516 1368 558 remedium
1411 517 1556 558 scabiei
1605 522 1642 558 et
1690 518 1798 558 laeso
1838 520 1994 572 corpori
2043 519 2226 571 vepribus

110 575 319 622 onitur.⁶⁴)
2040 607 2043 610 .

83 585 106 626 p
218 628 284 668 Vs.
314 626 409 668 449.
468 626 529 666 Et
557 638 720 677 spumas
750 625 921 664 miscent
950 626 1116 678 amenti
1144 627 1317 678 vivaque
1342 625 1566 678 sulphura,
1597 626 1811 680 dactylicus
1842 640 1992 668 versus.
2056 657 2060 659 —

215 683 278 722 Vs.
309 680 403 723 450.
482 681 651 728 Idaeas,
698 680 805 721 olera
853 680 902 721 ad
950 683 1157 722 sanitatem
1186 682 1440 736 pertinentia,
1489 694 1591 734 quae
1633 683 1673 722 in
1703 688 1836 723 monte
1865 683 2054 736 Phrygiae
2087 683 2225 734 1‹1a⁶⁵)

82 742 308 780 nascuntur.
343 742 346 743 ’
1117 742 1120 743 ’

215 792 282 832 νε.
312 790 404 833 451.
467 790 735 843 Scyllamque
764 790 1072 844 elleborosque,
1103 803 1251 845 genere
1279 791 1490 832 herbarum
1521 792 1764 834 sanabilium.
1796 815 1847 821 —
1879 792 2136 846 Niyrwnque
2167 794 2225 832 ὁὶ-

85 850 240 891 εωηεη,
271 847 350 888 duo
382 859 529 900 genera
541 850 598 898 5⁵⁶)
632 852 745 896 sunt,
778 847 908 886 album
938 859 985 887 ac
1014 848 1183 900 nigrum.

150 955 162 996 ¹
215 902 283 942 νε.
310 901 409 943 452.
467 900 695 946 Praesens,
733 901 892 952 efficax,
935 902 1061 951 utilis,
1099 901 1326 954 profutura,
1369 901 1559 943 malorum
1591 907 1672 952 est,
1713 907 1756 942 ut
1784 902 1845 944 alii
1876 903 2122 953 laborum⁶⁷)
2155 917 2224 956 pro

85 968 147 997 ma
165 960 358 1005 orum.⁶⁸)

217 1011 283 1052 Vs.
311 1010 404 1053 453.
468 1011 596 1058 Quam
635 1012 673 1050 εἰ
712 1012 802 1064 quis
838 1013 956 1062 ferro
995 1016 1034 1051 et
1071 1011 1179 1064 reliq.
1221 1012 1370 1052 Sensus
1411 1017 1492 1061 est,
1532 1015 1566 1054 si
1597 1012 1917 1054 medicaminibus
1955 1014 2118 1054 emolliri
2145 1026 2224 1055 non

84 1067 246 1119 poterit,
276 1067 526 1109 incidendum
555 1072 614 1106 est
645 1068 797 1107 vulnus.
832 1092 874 1096 -
916 1066 1140 1110 Summum,
1168 1071 1262 1107 tunc
1289 1068 1392 1108 enirn
1421 1080 1616 1109 summum
1649 1073 1729 1118 est,
1771 1082 1860 1109 cum
1890 1080 1934 1110 os
1946 1072 2002 1117 ⁶⁹)
2033 1069 2223 1110 habuerit.

216 1120 408 1166 VS.454.
471 1120 509 1159 Τ
508 1121 689 1174 cymilla,
719 1121 813 1163 dum
849 1123 1007 1175 tegitur.

216 1176 283 1216 Vs.
313 1174 407 1218 456.
466 1177 710 1219 Sanusrms:
749 1190 836 1216 uon
867 1177 976 1215 votis
1013 1188 1144 1229 neque
1172 1175 1397 1229 suppliciis
1426 1175 1693 1216 muliebribus
1722 1177 1889 1216 deorum
1923 1178 2087 1216 auxilia
2119 1192 2222 1217 com-
2281 1219 2285 1221 λ

78 1235 296 1282 parantur.
311 1235 366 1280 ⁷⁰)
684 1254 691 1260 ·

215 1287 280 1330 νε.
313 1285 408 1329 458.
465 1284 602 1325 Arida
628 1285 779 1337 febris,
810 1286 916 1328 arida
947 1298 1112 1338 corpora
1140 1285 1341 1327 hominum
1372 1286 1489 1327 efficit
1518 1286 1662 1336 febris,
1695 1300 1715 1327 a
1746 1287 1904 1328 fervore
1934 1288 2045 1329 dicta.

216 1341 280 1381 Vs.
309 1340 405 1383 460.
467 1341 712 1388 salientem,
743 1342 780 1381 id
811 1347 872 1382 est
901 1342 1098 1382 mobilem.
1139 1364 1192 1370 —
1242 1341 1410 1385 Venam,
1452 1342 1544 1382 dicit
1571 1343 1676 1390 illam
1708 1344 1845 1384 venam
1876 1356 1965 1383 esse
1992 1343 2223 1396 feriendam,

85 1407 187 1447 quae
215 1409 335 1450 super
363 1410 537 1452 unguem
563 1402 623 1437 est
653 1397 849 1446 animaliS,
884 1402 961 1437 tam
993 1396 1110 1436 latam
1142 1408 1259 1448 quarn
1291 1397 1484 1437 mobilem.

216 1451 284 1491 Vs.
313 1450 414 1493 461.
468 1451 689 1502 Bisaltae,
717 1452 853 1492 Geloni
883 1451 1066 1499 iidemu)
1098 1456 1190 1491 sunt
1220 1453 1286 1503 qui
1317 1457 1354 1492 et
1376 1452 1497 1492 Getae
1519 1451 1707 1492 Graeciae
1727 1453 1861 1500 iuncti,
1893 1465 2059 1504 quorum
2079 1458 2222 1506 pasto-

85 1515 148 1545 res
162 1507 240 1555 ⁷²),
272 1519 372 1558 quos
401 1507 657 1555 nomadas⁷³)
687 1511 852 1556 vocant,
884 1518 998 1547 usum
1029 1505 1192 1546 curandi
1230 1508 1385 1558 pecoris
1415 1507 1562 1547 habere
1591 1507 1796 1556 dicuntur,
1838 1520 1952 1558 quem
1984 1520 2100 1559 supra
2131 1521 2221 1548 me-

84 1562 262 1602 moravit.
319 1562 501 1603 lummus
531 1562 635 1602 dicit.
667 1584 720 1592 —
751 1559 971 1604 Bisaltae,
1002 1562 1134 1615 populi
1164 1561 1400 1615 Scytharum
1429 1562 1495 1614 qui
1523 1562 1721 1616 fugientes
1754 1573 1943 1614 equorum
1972 1565 2221 1616 sanguinc⁷⁴)

85 1614 242 1657 aluntur
269 1629 358 1657 cum
386 1618 489 1658 lacte
517 1617 720 1668 permixto.
781 1617 1045 1656 GAnm-mms
1077 1616 1178 1657 dicit.

216 1671 270 1712 Vs
312 1670 406 1713 462.
471 1670 570 1711 Cum
596 1672 734 1723 suffit,
766 1673 895 1725 pergit
925 1671 1114 1711 celeriter.
1145 1693 1198 1700 —
1229 1669 1279 1709 1η
1309 1669 1573 1722 Rhodopen,
1603 1670 1794 1724 Rhodope
1824 1674 2016 1722 mons.⁷·'’)

217 1726 283 1767 Vs.
312 1725 407 1769 463.
469 1725 735 1770 concretum,
765 1739 872 1767 nunc
901 1727 1156 1766 commixtum
1186 1726 1379 1779 sanguine
1409 1730 1447 1766 et
1477 1726 1701 1766 discretum.

215 1781 282 1822 Vs.
311 1780 405 1824 464.
468 1782 618 1828 Quam,
649 1781 688 1822 id
719 1788 778 1823 est
809 1794 932 1822 ovem.
965 1804 1016 1809 —
1050 1779 1200 1829 Molli,
1229 1781 1330 1822 bene
1358 1781 1513 1822 mollem
1543 1781 1721 1821 umbram
1752 1781 1865 1831 dicit.
1898 1795 2010 1834 qumn
2044 1782 2222 1837 diligunt,

83 1840 232 1888 petunt.
474 1846 504 1859 ·’
2129 1834 2156 1854 f

216 1892 282 1932 Vs.
310 1890 403 1933 465.
461 1891 680 1943 lyam-ins.
709 1891 795 1931 sine
822 1891 1019 1931 aviditate.

216 1947 281 1986 Vs.
309 1945 405 1989 466.
463 1945 759 1991 Proeumbere,
791 1946 1044 1996 accumbere,
1075 1947 1215 1986 iacere.

216 2001 283 2041 Vs.
311 2000 406 2043 467.
464 2001 730 2049 Pascentem,
757 2013 875 2054 saepe
904 2006 1142 2053 pascentem.
1870 2048 1873 2051 ¹

217 2057 282 2097 Vs.
311 2055 406 2098 468.
471 2056 679 2096 Continuo
712 2056 875 2107 culpam
902 2057 1017 2108 ferro
1050 2067 1284 2107 compesce,
1313 2054 1352 2096 id
1382 2061 1442 2096 est
1471 2061 1626 2105 ea111⁷⁶)
1656 2056 1792 2099 occide
1823 2069 1946 2098 ovem.
1986 2080 2039 2086 ——
2080 2056 2222 2097 Prius-

86 2125 206 2164 quam
234 2113 417 2165 contagio
447 2125 603 2154 omnem
633 2124 796 2165 gregem
823 2111 980 2165 inpleat.

218 2167 285 2207 Vs.
314 2166 410 2209 469.
479 2166 659 2218 Vulyus,
691 2179 865 2220 gregem,

216 2223 280 2261 νε.
311 2221 407 2265 470.
467 2222 678 2274 Aequore,
710 2222 758 2261 de
787 2234 972 2273 aequore.

219 2277 284 2316 νε.
313 2276 407 2318 471.
472 2276 670 2329 δίηῃιιῖα,
706 2277 940 2330 singulatim.

216 2332 283 2372 Vs.
314 2331 405 2374 472.
465 2330 643 2376 Aestiva,
676 2334 821 2374 aestiva
851 2332 936 2372 loca
966 2332 1165 2382 umbrosa,
1198 2333 1338 2384 quibus
1370 2344 1437 2384 per
1463 2336 1711 2378 aestfllcln⁷⁷)
1735 2344 1876 2384 pecora
1899 2333 2017 2372 vitant
2039 2333 2195 2373 caloren
2219 2366 2222 2371 ,

217 2388 282 2427 νε.
311 2386 405 2429 473.
467 2388 611 2439 Spem,
641 2387 773 2427 fetum.
837 2386 1043 2439 Spemque
1071 2400 1317 2440 yreyemque
1356 2386 1496 2430 simul,
1537 2388 1651 2427 simul
1690 2399 1814 2440 agnos
1846 2400 1937 2428 cum
1966 2388 2165 2439 matribus.

217 2443 280 2482 νε.
313 2442 406 2484 474.
469 2443 591 2481 Sciat
622 2443 755 2481 aerias
787 2440 916 2494 Alpes
947 2448 984 2483 et
1015 2444 1176 2494 reliqua.
1235 2444 1307 2483 Hic
1338 2454 1478 2482 sensus
1510 2448 1590 2483 est:
1621 2445 1687 2494 qui
1717 2445 1817 2484 sciat
1846 2444 1918 2483 ista
1950 2443 2060 2493 loca,
2097 2444 2224 2495 qual,

85 2497 250 2542 fuerint,
281 2510 369 2539 cum
400 2495 608 2552 pecoribus
634 2502 744 2538 erant
774 2497 969 2549 quondam
1003 2498 1183 2549 [referta‚
1215 2509 1319 2537 nunc
1349 2509 1506 2549 qnoque
1535 2498 1595 2547 ca]
1627 2497 1764 2538 morbo
1789 2499 1984 2546 [vacantia
2006 2498 2223 2550 videat].'*}

87 2551 302 2605 Descripsit
328 2554 585 2607 pestilentiam
618 2553 814 2602 Venetiae,
849 2553 1007 2597 Galliae,
1038 2553 1179 2606 lllyrici
1189 2566 1201 2602 ;
1231 2564 1321 2593 nam
1353 2552 1524 2604 quodam
1555 2557 1729 2606 tempore
1751 2565 1838 2593 cum
1861 2554 1969 2593 Nilus
1990 2553 2076 2605 plus
2098 2566 2194 2599 aec·v
2212 2571 2224 2593 .·

87 2608 303 2660 [crevisset]
329 2612 424 2655 etw)
455 2608 518 2648 diu
541 2608 823 2660 permansisset
849 2609 888 2648 in
919 2610 1080 2661 campiS,
1114 2620 1163 2647 ex
1192 2619 1292 2659 aqua
1318 2607 1486 2647 fluminis
1510 2612 1548 2647 et
1579 2608 1711 2648 calore
1725 2609 1951 2660 provinciae
1973 2608 2163 2649 diversae.

86 2662 207 2715 prima
235 2663 274 2703 in
301 2663 394 2704 limo
423 2663 602 2706 animalia
631 2668 723 2705 sunt
751 2667 894 2704 creata.
925 2686 978 2693 —-
1008 2663 1270 2704 Gsunmnus
1306 2662 1408 2704 dicit.
1443 2685 1489 2690 —
1521 2660 1668 2701 Aerias
1687 2661 1833 2714 Alpes,
1855 2663 1974 2716 Alpes
1993 2668 2084 2703 sunt
2104 2675 2219 2702 mm,

218 2775 270 2817 82)
296 2774 481 2808 inlutus.
529 2776 580 2816 63)
605 2774 694 2808 naec
726 2786 744 2808 a
770 2785 865 2809 manu
900 2776 1081 2807 recentiore
1113 2774 1276 2817 adscripta
1301 2779 1385 2806 sunt.
1438 2773 1488 2814 64)
1515 2772 1795 2817 Contingunt
1829 2773 1947 2817 legitur
1979 2774 2011 2805 in
2039 2777 2124 2805 textu
2149 2773 2220 2804 &a

87 2821 176 2866 gilii,
200 2821 479 2864 perfundunt
504 2822 534 2854 in
560 2823 706 2866 margine
729 2832 749 2854 a
774 2831 871 2854 manu
899 2822 1032 2864 antiqua
1059 2819 1265 2862 adscriptum.
1293 2820 1344 2860 65)
1371 2819 1534 2863 frigiae
1559 2821 1630 2853 idi.
1656 2820 1706 2861 66)
1732 2820 1905 2862 duegen
1917 2830 1946 2851 e.
1973 2818 2025 2859 87)
2042 2818 2220 2851 {abi-m...

85 2867 138 2909 Β)
170 2866 246 2901 Var.
286 2867 381 2901 lectio
421 2866 472 2899 hic
511 2867 611 2900 latere
649 2867 788 2901 videtur.
833 2866 886 2907 οη)
924 2865 1014 2899 hos.
1062 2869 1115 2903 w)
1156 2864 1245 2898 Haeo
1277 2875 1294 2898 a
1321 2875 1418 2898 manu
1457 2868 1640 2900 recentiore
1677 2865 1839 2909 adscripta
1881 2870 1967 2897 sunt.
2016 2864 2066 2904 τι)
2100 2863 2219 2896 ide-sn.

85 2913 140 2955 ⁴¹²)
170 2923 356 2957 quarum
392 2914 602 2956 pastoris.
661 2913 712 2955 73)
749 2912 1013 2946 nummadas.
1069 2911 1123 2952 ¹1⁴1)
1156 2913 1427 2955 sanguinem.
1484 2914 1533 2951 75)
1567 2911 1824 2955 hrodopen‚
1856 2909 2060 2953 hrodope
2091 2920 2218 2957 mom.

85 2960 138 3001 Β)
168 2964 273 2993 cum.
328 2959 381 3000 π)
413 2964 580 2992 statem.
627 2959 680 3000 78)
715 2957 809 3000 Quae
839 2960 872 2992 in
906 2957 1094 3002 parenthesi
1126 2958 1281 3000 apposita,
1306 2962 1402 3000 sunt,
1437 2968 1474 2993 ea
1506 2958 1690 2993 necessarie
1725 2967 1764 2992 ex
1788 2956 1893 2991 Servii
1926 2965 2012 2989 com.
2049 2948 2218 3000 adscripsi.

86 3007 138 3044 π)
163 3005 285 3040 nilus
310 3005 442 3050 pulsa
466 3014 659 3049 aequore
683 3009 722 3038 et
746 3004 827 3038 diu.
