2430 3177
1220 138 1284 184 36

324 264 388 304 Vs.
418 261 512 305 396.
569 264 746 309 Fratris,
776 265 901 314 Solis3
931 279 1027 320 ergo
1056 279 1135 308 non
1165 269 1336 310 absurde
1365 269 1430 310 hic
1456 269 1609 311 videtur
1636 269 1714 310 duo
1743 274 1922 322 tempora·
1949 269 2118 320 dixisse,
2157 273 2325 310 noctur-

194 329 286 358 num
316 323 356 358 et
383 318 576 358 diurnum,
635 322 817 359 lusimus
847 320 951 360 dicit.
982 344 1037 351 -—
1074 322 1287 369 obnoxia,
1319 325 1410 377 quia
1439 324 1487 365 ab
1516 324 1583 365 illo
1610 325 1750 377 accipit
1777 324 1922 373 lumen,
1953 325 2015 364 vel
2042 336 2114 377 pro
2144 336 2192 365 eo
2221 323 2328 376 quod

192 378 333 413 noceat
360 373 399 412 id
428 378 488 412 est
518 373 679 423 eclipsin
711 374 812 415 dicit.
871 378 1051 416 himmas
1081 378 1184 419 dicit.
2008 394 2012 395 ⁷

325 428 388 466 Vs.
418 425 512 467 397.
577 425 758 473 Teuma,
797 429 963 471 nebulae
992 431 1196 483 dicuntur,
1236 446 1338 486 quae
1365 434 1577 474 inminente
1605 438 1840 486 tempestate
1867 434 1917 474 ob
1946 433 2103 473 nimiam
2130 432 2328 475 levitatem

194 486 308 521 vento
338 483 375 521 in
397 486 489 522 ae're
517 481 709 523 iactantur
719 497 730 532 ;
760 485 821 524 vel
841 497 1072 527 aranearum
1101 493 1277 529 texturas
1307 489 1412 540 dicit,
1443 502 1544 542 quae
1565 491 1620 537 ⁷⁰)
1650 489 1863 529 inminente
1882 492 2114 541 tempestate
2141 499 2210 540 per
2238 491 2330 528 a'era

192 541 430 589 rumpantur.
488 539 669 576 IUNJLan
699 538 802 578 dicit.

322 591 387 630 Vs.
416 590 509 632 398.
569 590 735 632 Pennas
757 595 814 645 ⁷¹)
843 595 881 634 in
911 595 1041 637 littore
1068 597 1255 650 pandunt.
2212 643 2215 645 .

322 646 387 686 Vs.
416 645 509 689 399.
567 644 798 701 Alcyones,
842 662 934 690 aves
965 654 1148 693 marinae.
1180 675 1234 682 -—
1263 650 1494 706 Alcyones,
1533 653 1745 694 Alconesci
1783 659 1820 694 et
1855 652 2023 693 Luciferi
2058 652 2160 692 filius
2198 651 2331 693 habuit

193 712 355 741 uxorem
384 701 614 754 Alcyonen,
646 716 668 743 a
698 716 775 755 qua
806 717 894 744 cum
924 707 1144 758 prohibitus
1176 714 1283 748 esset
1312 710 1365 758 [et
1394 709 1544 761 ivisset]
1566 711 1599 734 ⁷²
1638 709 1688 748 ad
1718 708 2004 748 consulendum
2026 710 2081 755 ⁷³)
2111 706 2332 759 Apollinem

192 755 240 795 de
269 760 374 795 statu
403 757 515 810 regni
543 758 616 806 sui,
648 758 854 812 naufragio
885 762 998 813 periit
1008 775 1020 811 3
1053 765 1165 803 cuius
1196 775 1338 816 eorpus
1369 776 1458 803 cuin
1489 764 1538 804 ad
1558 776 1720 803 uxorem
1742 762 1912 803 delatum
1932 763 2086 807 suisset,
2117 763 2331 814 illaprae-

191 811 361 862 cipitavit
389 823 433 850 se
462 813 500 850 in
530 812 716 865 pelaguS,
747 826 846 865 quos
877 815 1008 856 Tethis
1039 819 1175 857 ambos
1204 820 1244 858 in
1275 830 1367 858 aves
1399 820 1610 868 convertit,
1641 819 1891 869 marinaeque
1908 817 2110 869 Alcyones
2131 822 2332 858 vocantur.

191 887 244 893 —-
277 864 464 914 Solutos,
494 868 561 918 qui
589 867 814 919 solvuntur,
847 870 908 909 vel
936 872 1065 912 soluto
1095 885 1164 912 ore
1190 873 1214 911 i.
1237 886 1270 912 e.
1301 874 1461 913 nimium
1490 875 1648 926 patenti.
1666 872 1874 912 —Aliterz
1904 873 2058 924 Alcyon
2086 885 2175 913 cum
2204 883 2333 911 soro-⁷

190 933 272 959 rem
304 932 417 961 suam
445 922 657 961 incestaret
679 925 733 970 ⁷4)
777 929 815 964 et
853 936 939 964 eam
974 927 1104 979 gladio
1142 929 1334 978 perimere
1363 928 1500 978 vellet,
1541 932 1579 968 et
1617 934 1712 968 tunc
1740 927 1872 968 Tethis
1905 928 2092 968 miserata
2131 937 2201 967 eos
2239 938 2334 967 aves

190 976 359 1016 marinas
387 975 492 1016 fecit.
550 975 748 1028 Alcyones
780 979 960 1019 omnibus
991 982 1171 1034 nymphis
1203 982 1367 1024 dilectae
1396 987 1509 1032 sunt,
1550 995 1640 1022 nam
1677 995 1820 1023 novem
1851 981 2012 1031 diebus,
2053 981 2195 1034 quibus
2229 981 2334 1021 fetus

192 1031 229 1069 in
259 1031 354 1070 mari
384 1030 531 1072 faciunt
559 1032 665 1071 nulla
696 1045 789 1073 aura
812 1034 881 1084 ⁷5),
913 1035 1125 1088 nullusque
1153 1042 1293 1078 ventus
1325 1039 1540 1091 consurgit,
1572 1038 1635 1078 vel
1663 1042 1814 1091 septem
1842 1042 1886 1078 ut
1904 1038 2002 1077 alius
2032 1038 2099 1088 ait,
2126 1037 2242 1077 tertio
2272 1035 2337 1076 die

188 1085 398 1138 pullamina
429 1086 710 1137 excluduntur,
743 1093 881 1139 quarto
909 1089 1106 1143 foventur,
1136 1093 1270 1143 quinto
1300 1092 1440 1145 plumis
1473 1093 1712 1143 vestiuntur,
1743 1097 1858 1132 sexto
1887 1092 1958 1135 alis
1989 1097 2231 1143 emoventur,
2261 1102 2333 1132 se-

190 1142 312 1192 ptimo
342 1141 488 1180 volatui
517 1141 789 1184 ostenduntur.
850 1145 965 1192 Quod
994 1147 1033 1186 in
1065 1159 1396 1186 GLOSSEMATOEUS
1416 1146 1463 1195 a)
1493 1148 1635 1188 inveni.

325 1195 391 1234 Vs.
419 1194 514 1236 400.
574 1195 779 1241 humandi,
810 1199 924 1240 nimis
947 1205 1001 1249 ⁷⁶)
1033 1201 1194 1252 sordidi,
1225 1204 1315 1254 quia
1343 1202 1424 1243 luto
1454 1202 1638 1256 gaudent.
1679 1200 1853 1246 lactare,
1884 1201 2052 1254 deferre,
2080 1202 2336 1255 proicere-

197 1248 428 1300 Maniplos‚
460 1251 645 1303 quicquid
676 1264 813 1293 manus
843 1255 1007 1295 includit
1036 1257 1227 1308 maniplus
1249 1257 1305 1307 77)
1328 1257 1488 1298 dicitur.

323 1305 388 1344 Vs.
418 1303 512 1345 401.
572 1304 658 1344 Ima
683 1312 850 1359 petunt,
880 1309 1148 1362 deprimuntur
1178 1311 1227 1351 ad
1255 1312 1401 1357 valles„
2222 1364 2230 1372 ·

321 1359 387 1399 Vs.
417 1358 511 1401 403.
571 1358 754 1405 Noctua,
787 1364 869 1403 avis
899 1365 997 1406 lucis
1029 1366 1218 1419 profuga,
1260 1368 1293 1407 si
1324 1371 1437 1407 canat
1461 1371 1553 1420 post
1581 1367 1677 1407 solis
1708 1378 1895 1408 occasum
1922 1366 2091 1419 pluviam
2130 1363 2335 1418 significat.

192 1417 339 1455 Pronus
368 1415 443 1464 ait3
476 1416 509 1455 si
538 1415 577 1455 in
609 1418 721 1456 tectis
754 1419 814 1458 vel
842 1419 880 1458 in
911 1420 1115 1461 arboribus
1148 1427 1261 1461 canat
1290 1433 1394 1472 sero,
1425 1422 1676 1462 serenitatem
1706 1421 1911 1475 significat.
1950 1422 2101 1462 Noctua
2129 1424 2337 1473 postquam

192 1481 280 1509 cum
311 1474 419 1521 patre
448 1470 680 1520 concubuit,
721 1472 873 1513 facinus
904 1487 1124 1528 agnoscens
1156 1477 1301 1517 abdidit
1340 1489 1384 1517 se
1412 1478 1451 1516 in
1481 1478 1588 1517 silvis
1629 1482 1667 1517 et
1695 1477 1823 1517 lucem
1861 1477 2029 1530 refugit,
2068 1476 2135 1515 ubi
2174 1474 2337 1515 deorum
2375 1502 2378 1506 -

194 1524 394 1565 voluntate
422 1525 462 1565 in
491 1537 599 1565 avem
631 1539 822 1568 conversa
853 1535 925 1573 est,
957 1542 1058 1582 quae
1086 1543 1156 1584 pro
1186 1536 1294 1572 tanto
1324 1532 1499 1572 facinore
1528 1532 1709 1572 omnibus
1739 1532 1875 1572 avibus
1905 1537 1967 1572 est
1996 1530 2255 1576 admirationi.

325 1580 392 1620 Vs.
423 1577 517 1620 404.
576 1578 703 1619 Nisus
733 1582 796 1621 hic
824 1586 919 1625 avis.
983 1586 1041 1627 Da
1081 1587 1210 1626 sonitu
1242 1588 1370 1640 Scylla
1411 1588 1507 1628 avis.
1550 1610 1604 1615 —
1640 1587 1757 1627 Nisus
1795 1587 2091 1640 Megarensium·
2116 1585 2338 1627 Siculorum
2388 1593 2396 1596 ”
2427 1598 2430 1600 ·

195 1645 278 1683 rex,
308 1646 331 1672 a
349 1634 491 1683 Minoe,
525 1634 767 1676 Cretensium
795 1650 903 1691 rege,
931 1646 1091 1693 propter
1118 1641 1332 1695 Androgei,
1363 1641 1429 1681 filii
1457 1643 1532 1690 sui,
1563 1642 1724 1685 obitum,
1756 1654 1870 1693 quem
1892 1641 2153 1681 Athenienses
2183 1645 2222 1680 et
2247 1639 2336 1679 Me-

195 1700 384 1741 garenses
425 1689 515 1729 dolo
546 1690 852 1732 circumventum
883 1695 1120 1734 occidissent
1149 1699 1322 1748 graviter
1350 1697 1670 1749 oppugnabatur3
1702 1696 1771 1736 sed
1803 1697 1956 1747 Scylla,
1987 1696 2064 1737 filia
2092 1695 2197 1745 Nisi,
2226 1706 2338 1734 ama-

196 1744 250 1783 vit
278 1742 469 1793 Minoem,
507 1745 627 1795 patris
666 1746 817 1785 scilicet
854 1747 1007 1787 hostem
1029 1753 1083 1797 ⁷⁸)
1126 1755 1163 1789 et
1200 1752 1299 1801 patri
1337 1750 1543 1790 dormienti
1565 1754 1619 1799 ⁷⁹)
1651 1752 1797 1791 crinem
1835 1751 1993 1792 fatalem
2022 1760 2340 1804 purpureumque

196 1797 373 1848 abscidit,
405 1803 447 1838 ut
474 1799 606 1849 Minoi,
638 1800 809 1840 hostium
840 1803 939 1855 regi,
968 1804 1079 1845 cuius
1111 1817 1245 1844 amore
1273 1805 1476 1858 flagrabat,
1507 1805 1630 1856 daret,
1663 1818 1821 1857 quoque
1840 1806 2016 1846 abscisso
2030 1810 2141 1858 pater
2157 1804 2283 1858 periit.
2301 1834 2337 1843 ..

198 1852 326 1904 Scylla
356 1852 520 1894 aMinoe
548 1866 643 1907 rege
671 1867 749 1894 non
778 1862 947 1909 recepta,
976 1858 1052 1899 hoc
1082 1871 1208 1912 genus
1238 1861 1424 1901 victoriae
1452 1866 1696 1910 exsecratus,
1727 1874 1812 1901 eam
1842 1861 1881 1900 in
1911 1873 2020 1900 mare
2048 1860 2202 1908 deiecit,
2232 1863 2271 1899 et
2298 1858 2337 1899 in

198 1919 321 1957 avem,
354 1919 455 1959 quae
485 1909 575 1948 ciris
607 1909 746 1950 dicitur
775 1911 894 1950 latine
923 1925 1019 1953 vero
1050 1915 1232 1966 tonsylla,
1265 1926 1455 1955 conversa
1488 1921 1566 1964 est3
1597 1916 1688 1956 item
1706 1919 1817 1968 pater
1838 1916 1921 1956 eius
1941 1915 2057 1955 Nisus
2079 1917 2118 1956 in
2140 1915 2336 1962 alitemw)

199 1973 413 2002 conversus
445 1968 518 2012 est,
549 1965 615 2015 qui
646 1965 843 2017 parricidii*
868 1979 1091 2019 exsequens
1121 1981 1268 2021 poenas
1299 1970 1407 2009 cirim
1438 1970 1570 2010 hostili
1600 1975 1730 2009 niente
1758 1971 2016 2022 persequitur.

328 2017 394 2056 Vs.
423 2016 518 2059 408.
579 2017 831 2071 Insequitur,
859 2027 903 2062 ut
929 2023 968 2063 in
996 2023 1206 2064 bucolicis:
1234 2037 1375 2063 saevus
1405 2038 1518 2063 amor
1537 2025 1685 2067 docuit
1713 2030 1903 2064 natorum.
1932 2025 2132 2076 sanquine
2160 2027 2335 2063 matrem.

202 2094 252 2099 —-
282 2069 424 2117 Nisus,
457 2075 552 2113 avis.
2314 2092 2315 2095 ’

337 2127 403 2167 Vs.
433 2125 528 2170 409.
588 2128 774 2180 Raptim,
806 2131 1004 2173 velociter.
1534 2168 1543 2175 .

333 2182 399 2222 Vs.
430 2180 524 2223 410.
583 2182 803 2237 Lz’quiclas,
835 2192 1003 2240 apertas,
1034 2200 1164 2241 puras,
1196 2212 1249 2217 -—
1279 2188 1484 2242 Liqudas
1516 2203 1655 2234 voces,
1686 2203 1806 2242 puros
1837 2195 1988 2232 cantus.
2048 2190 2089 2230 ln
2118 2189 2194 2230 hoc
2222 2199 2337 2230 versu

201 2237 371 2287 ipsarum
401 2239 530 2278 avium
559 2249 701 2279 sonum
730 2241 839 2280 vocis
873 2243 1062 2294 exprimit.

332 2292 398 2331 Vs.
428 2291 522 2333 411.
587 2292 801 2332 Cubiltbas
832 2295 945 2343 altis,
975 2298 1014 2337 in
1045 2298 1123 2346 alto
1151 2298 1278 2339 factis.

332 2346 398 2389 Vs.
428 2345 521 2388 412.
580 2347 755 2388 Praeter
781 2349 961 2396 solitum,
992 2353 1078 2405 plus
1109 2366 1226 2404 quam
1255 2355 1359 2394 soliti
1388 2359 1491 2395 sunt.

230 2454 239 2493 l
332 2401 399 2441 Vs.
429 2399 523 2443 413.
586 2402 839 2455 strepitant,
868 2418 988 2459 saepe
1016 2412 1205 2460 strepunt.
1225 2431 1277 2438 --
1308 2408 1440 2454 Iuvat,
1470 2409 1704 2459 iucundum3
1737 2411 1855 2454 actis,
1886 2409 2088 2460 discussis,
2120 2408 2338 2457 transactis,

206 2468 225 2495 a
240 2457 363 2495 iactis.

205 2563 227 2603 d
258 2563 270 2603 l
338 2512 401 2550 Vs.
432 2510 525 2553 414.
584 2511 741 2552 Dulces
771 2514 894 2553 nidos
931 2518 1252 2570 μετωνυμικῶς;
1297 2518 1430 2560 dulces
1467 2519 1582 2559 nidos
1618 2520 1711 2560 dicit
1749 2531 1841 2569 eos,
1879 2521 1918 2559 in
1948 2520 2088 2571 quibus
2126 2517 2221 2571 pulli
2248 2522 2339 2560 sunt

233 2576 256 2604 u
273 2576 348 2605 ces
387 2588 441 2594 -—
2302 2606 2305 2609 .

339 2620 404 2660 Vs.
433 2619 525 2661 415.
585 2621 715 2662 Haud
744 2624 931 2677 equidem
962 2627 1100 2666 credo.
1158 2627 1341 2681 Proponit
1369 2627 1443 2668 sibi
1471 2629 1740 2680 quaestionem
1768 2629 2019 2679 acerrimam,
2053 2639 2144 2669 nam
2173 2626 2339 2680 quaerit,

207 2686 275 2714 cur
301 2674 492 2724 homines,
523 2688 622 2727 quos
652 2683 806 2718 constat
835 2692 925 2720 esse
954 2681 1225 2732 prudentiores
1255 2683 1495 2733 animalibus,
1525 2695 1594 2736 per
1619 2695 1664 2723 se
1692 2695 1770 2724 non
1799 2684 1968 2734 sentiant
1993 2684 2216 2736 qualitatem
2235 2683 2339 2724 aeris

207 2728 338 2771 futuri.
369 2752 421 2760 -
452 2729 583 2769 Haud
611 2732 795 2784 equidem
826 2734 966 2779 credo,
998 2748 1121 2788 quare
1150 2750 1240 2778 cum
1268 2738 1345 2778 hoe
1374 2739 1412 2778 in
1442 2743 1555 2778 sexto
1586 2738 1739 2788 dixerit,
1771 2738 1869 2777 inde
1888 2737 2092 2777 hominum
2115 2738 2336 2789 pecudum-

206 2797 285 2879 ἔπιε
310 2797 439 2880 genus
469 2786 658 2838 vitaeque
688 2786 921 2835 volantum3
958 2790 1151 2831 Anchises
1182 2793 1283 2831 enim
1323 2791 1426 2844 apud
1455 2792 1602 2832 inferos
1632 2793 1824 2844 loquitur,
1863 2793 1927 2833 hic
1955 2805 2049 2834 vero
2079 2793 2192 2834 vivus
2220 2795 2337 2846 poeta

235 2850 283 2880 oc
336 2840 413 2880 icit.

340 2985 391 3025 70)
416 2986 641 3018 iactanter
665 2985 990 3021 uelarencaruni
1016 2995 1215 3024 texturas
1240 2974 1408 3035 dicitq3.
1455 2991 1506 3033 ΐι)
1532 2993 1703 3035 pinnas.
1760 2991 1810 3031 72]
1834 2990 1960 3024 Desunt
1980 2991 2013 3024 in
2037 2991 2110 3025 cod.
2157 2995 2208 3030 73)
2232 3001 2341 3025 cone

211 3029 456 3062 sulandum.
488 3031 538 3071 τι)
564 3033 711 3064 sorori
736 3042 839 3065 suae
864 3035 1126 3079 incestatur.
1167 3039 1412 3079 75),aurora.
1445 3036 1482 3077 ³³)
1507 3037 1846 3081 glosomatihus.
1876 3037 1927 3078 7⁶)
1953 3039 2139 3070 niminis.
2172 3037 2224 3078 17)
2248 3046 2336 3071 ma·

211 3075 371 3117 niplos.
402 3076 454 3116 79)
481 3081 624 3109 ostem.
672 3077 724 3119 79)
748 3077 1043 3112 dormientem.
1089 3082 1142 3122 80)
1169 3082 1358 3114 alietum.
1718 3086 1721 3088 ’
