2430 3177
1227 114 1288 159 1o

174 250 344 304 quodam
371 247 515 297 milite,
558 254 810 286 communem
841 253 981 296 agrum
1009 240 1261 293 possidebat,
1302 254 1325 282 a
1355 252 1435 293 quo
1471 251 1572 295 pene
1607 240 1738 283 fuerat
1763 240 1931 281 occisus.
1998 239 2166 290 Quidam
2195 243 2327 282 autem

180 308 328 355 dicunt,
360 305 533 358 primitus
564 311 682 354 agros
712 298 760 338 ab
790 298 963 338 Pollione
991 297 1154 350 Virgilio
1183 295 1374 342 redditos,
1405 301 1614 349 postquam
1638 301 1769 336 autem
1787 296 1913 337 Varus
1941 297 2135 338 successit
2151 293 2329 346 Pollioni,

179 361 351 413 adempti
382 362 481 398 sunt.
539 355 638 396 Hinc
666 354 830 394 Romam
861 353 1011 406 pergit,
1043 356 1082 391 et
1112 351 1317 391 Cornelius
1347 356 1466 403 atque
1485 354 1535 400 3)-
1555 352 1686 392 Macer
1712 352 1766 391 illi
1797 351 2001 393 consilium
2031 351 2146 402 dant,
2188 355 2228 392 et
2255 350 2330 391 sub

177 416 322 456 horum
341 418 379 461 ⁴)
410 423 579 464 persona
609 410 711 450 hanc
741 409 919 462 eclogam
951 408 1060 448 texit.
1125 406 1352 459 Allegoriee
1381 407 1546 458 Lycidas
1567 411 1604 456 ⁵)
1637 406 1843 448 Cornelius
1875 406 2031 458 Gallus,
2061 405 2205 448 Moeris
2234 406 2330 447 vir-

108 514 116 521 ,
180 472 296 525 gilius
327 469 389 507 vel
419 467 568 507 amicus
600 466 699 514 eius,
730 464 856 516 qualis
886 463 949 503 vel
977 462 1168 502 Aemilius
1198 462 1341 511 Macer,
1371 462 1622 516 intellegitur.

315 524 381 562 Vs.
415 521 449 562 1.
509 520 669 564 Moeri,
710 520 914 559 vocativus
954 519 1082 558 casus.
1155 516 1248 562 Quo
1288 522 1351 561 le,
1395 516 1558 562 Moeri,
1586 518 1740 569 pedes,
1779 516 2012 558 subauditur
2040 515 2201 557 ducunt.
2256 514 2334 556 Alii

184 580 317 620 dicunt
346 577 500 617 Emoris
538 586 663 628 equus
692 574 966 614 velocissimus
998 574 1306 623 Saracenorum,
1349 585 1465 624 quem
1495 573 1692 613 interdum
1723 574 1846 626 accipi
1875 576 2027 624 potest,
2066 571 2174 624 quod
2201 570 2345 622 Emori,

183 634 302 687 pedes
334 632 371 672 id
403 638 462 672 est
490 633 638 672 utinam
669 634 851 681 quattuor
892 633 935 669 ut
963 641 1026 668 me
1063 629 1103 668 in
1142 628 1280 668 urbem
1319 628 1396 669 cito
1432 628 1625 668 veherent
1662 628 1711 668 ad
1751 627 2017 669 accusandum
2049 626 2254 667 Claudium
2271 626 2335 677 ⁶];

186 690 262 729 hoc
292 693 422 729 tamen
454 685 694 727 credendum
723 696 804 724 non
833 690 906 725 est.
935 705 992 713 —-—
1020 681 1099 727 An,
1131 696 1212 735 quo
1243 683 1311 721 via
1338 683 1481 728 ducit,
1512 684 1792 737 interrogative
1803 696 1815 733 3
1844 683 2009 724 forsitan
2037 681 2116 723 hoe
2143 682 2185 723 in
2213 679 2336 722 Gallia

191 744 296 785 dicit.
333 764 381 771 -

323 799 389 837 Vs.
422 795 466 838 2.·
519 795 698 850 Lycida,
726 795 934 835 vocativus
965 805 1095 834 casus.
1163 792 1270 844 rivi,
1300 794 1368 833 vix
1398 794 1490 834 vivi.
1519 816 1575 822 —-
1603 791 1895 836 Pervenimus,
1925 804 2046 845 saepe
2073 791 2190 832 imus.
2252 788 2338 831 Aa·

189 866 303 903 vena,
335 852 374 892 id
406 857 466 892 est
498 851 682 892 Claudius
706 853 757 898 ⁷),
789 861 869 889 non
898 853 941 888 ut
969 849 1032 889 alii
1060 849 1205 888 Varum
1237 848 1300 887 vel
1327 848 1464 888 Arium
1495 849 1764 903 centurionem
1794 848 1941 888 dicunt.
1974 871 2023 876 —-
2222 876 2226 878 -

326 908 394 946 Vs.
426 904 464 947 3.
525 906 653 951 Quod
682 917 888 956 nunquam
919 904 1040 942 veriti
1069 915 1225 946 sumus,
1265 903 1410 943 malum
1438 904 1701 956 inopinatum,
1741 906 1784 944 ut
1811 903 1910 943 Dido
1929 901 2026 950 ‘³‘ss
2057 901 2167 941 lz-unc
2195 913 2276 955 29⁰
2303 902 2341 940 εἰ
2391 899 2407 955 ξ’

186 962 312 1016 potui
348 966 509 1000 tantum
549 973 717 1012 sperare
757 959 957 999 dolorem.
989 980 1041 987 ——
1081 957 1305 996 Possessor
1347 957 1532 1000 Claudius
1554 963 1606 1008 ⁷).
1673 956 1838 1011 Agelli,
1877 959 1989 999 vicus
2018 958 2190 1012 Virgilii;
2228 968 2340 1012 ager,

191 1019 356 1073 agellus.
386 1040 442 1046 —

325 1073 392 1112 Vs.
422 1070 461 1111 4.
531 1070 697 1110 Veteres
727 1069 916 1122 miyrate,
947 1069 1131 1120 quoniam
1160 1080 1384 1122 repugnare
1412 1080 1491 1110 non
1520 1080 1747 1122 possumus,
1779 1069 1967 1110 cedimus.
2025 1071 2209 1111 lusimus
2234 1066 2341 1109 dicit.

196 1126 363 1168 Coloni.
426 1126 633 1174 Quondam
665 1126 823 1175 domini,
855 1136 960 1163 nunc
989 1124 1130 1163 coloni.
1159 1145 1215 1153 ·-

193 1238 211 1279 f
323 1183 390 1222 VS.
422 1181 460 1221 5.
523 1181 726 1226 Quoniam
753 1181 846 1231 fors
874 1179 1009 1217 omnia
1037 1183 1185 1217 versat.
1242 1177 1468 1232 Allegorice
1507 1179 1656 1220 clamor
1694 1180 1866 1220 laetitiae
1903 1179 2091 1220 militaris.
2132 1200 2183 1209 ·—-·
2220 1176 2344 1226 Fors,

211 1242 361 1279 ortuua.
394 1259 447 1266 —

327 1293 392 1332 Vs.
423 1289 460 1331 6.
521 1290 613 1330 Hos
642 1290 724 1335 illi,
757 1289 918 1331 Claudio
947 1289 1011 1330 vel
1040 1289 1143 1329 Varo
1164 1292 1217 1340 ⁵),
1246 1301 1299 1330 ne
1329 1291 1364 1331 ei
1391 1291 1494 1332 bene
1522 1290 1710 1344 proficiat.
1747 1313 1798 1320 —-
1833 1290 1957 1336 Quod
1984 1302 2062 1329 nec
2089 1293 2244 1334 vertat,
2270 1298 2346 1330 nec

195 1348 348 1389 veniam
376 1351 583 1387 mereatur.
643 1347 749 1386 Bene
777 1346 974 1385 mittimus
1004 1344 1157 1383 haedos
1182 1358 1253 1397 pro
1282 1351 1484 1399 portamus
1513 1347 1628 1387 dona.
1659 1371 1709 1378 -

331 1404 397 1442 Vs.
429 1401 466 1442 7.
531 1400 650 1441 Certe
679 1407 746 1442 tuo
768 1405 805 1451 9)
847 1403 1005 1454 ingenio
1037 1401 1236 1441 audieram
1267 1414 1386 1455 agros
1415 1403 1631 1442 restitutos.
1671 1423 1726 1430 ——-
1769 1400 1862 1447 Qua
1891 1412 1933 1440 se
1961 1399 2188 1440 subducere
2217 1397 2346 1439 colles

198 1462 235 1500 in
264 1458 493 1513 proclivium
523 1472 544 1498 a
575 1453 730 1497 summo
757 1469 886 1508 usque
912 1457 953 1497 in
982 1457 1123 1505 imum,
1154 1455 1218 1496 hic
1252 1458 1433 1497 terminat
1462 1470 1600 1511 agrum
1629 1457 1791 1509 Virgilii.
1822 1480 1873 1486 -·

329 1514 396 1552 Vs.
426 1511 465 1553 8.
525 1511 734 1564 Mollique
766 1512 890 1555 clivo,
920 1512 1003 1563 ripa
1034 1511 1174 1551 Mincii.
1208 1533 1259 1540 —
1295 1510 1428 1557 Clico,
1459 1525 1586 1564 aequa
1608 1515 1662 1561 ¹⁰)
1693 1512 1901 1552 descensio
1929 1510 1998 1552 VII
2026 1520 2181 1552 cursus.
2212 1532 2264 1540 —

335 1569 402 1607 VS.
435 1566 472 1607 9.
538 1567 673 1619 Usque
703 1567 758 1605 ad
789 1580 934 1619 aquam
965 1567 1105 1606 Mincii.
1141 1589 1192 1595 -
1223 1566 1283 1606 Et
1314 1569 1460 1606 veteris
1490 1569 1569 1605 iam
1600 1572 1638 1608 et
1666 1568 1829 1619 reliqua,
1859 1568 1883 1607 i.
1915 1575 1948 1606 e.
1979 1566 2119 1607 a'lacu
2147 1574 2275 1618 usque
2298 1561 2351 1604 ad

202 1624 385 1664 arborum
415 1621 511 1660 fines
540 1623 816 1674 possessiones
856 1622 1005 1674 Virgilii
1037 1621 1141 1662 dicit.
1201 1621 1359 1661 Fracta
1390 1623 1605 1661 eacumina
1627 1623 1748 1674 fayi,
1789 1624 1879 1673 quia
1910 1622 1987 1661 alta
2013 1621 2261 1675 franguntur.
2293 1640 2349 1652 «-

335 1677 401 1716 Vs.
436 1674 498 1716 10.
563 1675 713 1714 Omnia
749 1688 867 1728 supra
910 1677 1055 1726 scripta
1093 1676 1192 1715 loca.
1265 1675 1547 1727 Carminibus,
1587 1689 1633 1717 ac
1668 1678 1700 1716 si
1731 1677 1899 1725 diceret,
1939 1688 2071 1716 nonne
2110 1673 2350 1715 carminibus

206 1745 344 1785 agrum
384 1743 501 1772 suum
536 1733 720 1772 servavit.
752 1754 805 1760 —-
844 1729 1027 1770 Vestrum
1057 1742 1236 1769 servasse
1268 1729 1504 1770 Menalcan.
1562 1731 1632 1771 Hic
1663 1743 1804 1770 sensus
1836 1736 1915 1771 est:
1953 1731 2182 1781 Menalcan,
2220 1728 2262 1770 id
2290 1733 2351 1770 est

205 1788 427 1841 Virgilium,
460 1799 642 1826 servasse
672 1798 810 1839 agrum
842 1798 863 1825 e
889 1789 1021 1824 monte
1049 1796 1176 1834 usque
1205 1785 1254 1824 ad
1284 1798 1423 1837 aquam
1454 1791 1494 1826 et
1521 1785 1569 1826 ab
1600 1798 1699 1837 aqua
1729 1798 1856 1838 usque
1880 1785 2031 1839 fagum.
2064 1810 2115 1816 —-

336 1842 402 1881 Vs.
438 1840 501 1881 11.
560 1839 764 1879 Audieras
793 1841 817 1880 i.
850 1852 883 1879 e.
911 1839 1034 1879 reddi.
1093 1838 1154 1878 Et
1180 1840 1294 1891 fama
1320 1842 1433 1893 fuit,
1473 1840 1513 1881 id
1544 1845 1605 1880 est
1631 1840 1736 1880 fama
1764 1845 1915 1882 tantum
1945 1840 2029 1881 fuit.
2059 1863 2115 1869 —-
2145 1838 2233 1879 Sed
2262 1851 2347 1878 cm·-

207 1899 313 1936 mina
343 1901 500 1935 tautum
530 1909 600 1950 pro
630 1895 750 1936 nihilo
778 1895 983 1935 habentur.
1017 1916 1068 1922 ——

339 1953 405 1991 Vs.
440 1950 502 1992 12.
571 1951 731 1995 Valent,
762 1951 964 1991 solaciani.
1022 1947 1207 2002 Lycida,
1251 1950 1461 1991 vocativus·
1484 1961 1614 1991 casus.
1660 1974 1709 1980 —-
1757 1949 1861 1989 Tela
1889 1951 1998 1990 inter
2026 1948 2188 1989 Martia
2223 1949 2264 1991 id
2291 1954 2354 1991 est

208 2010 308 2048 inter
335 2007 412 2046 vim
443 2007 661 2054 militarem,
693 2006 769 2046 hoc
798 2010 858 2045 est
886 2004 1094 2045 tumultum
1123 2005 1213 2044 Vari
1243 2005 1306 2045 vel
1330 2004 1480 2046 Claudii
1503 2009 1573 2054 ¹¹).

340 2063 406 2101 Vs.
442 2059 506 2102 13.
569 2059 777 2099 Chaonias
805 2061 843 2100 id
873 2065 934 2100 est
964 2059 1013 2099 de
1042 2061 1214 2100 nemoris
1243 2061 1425 2109 nomine,
1466 2060 1572 2112 quod
1601 2065 1662 2100 est
1689 2061 1730 2100 in
1757 2061 1897 2114 Epiro3
1936 2061 1999 2100 vel
2029 2059 2202 2101 Chaonia
2238 2059 2353 2114 regio

209 2119 249 2157 in
278 2117 408 2169 Epiro.
439 2140 494 2146 —-
522 2116 665 2157 Dicunt
694 2116 826 2156 valere
857 2115 1051 2157 Chaonias
1084 2114 1285 2155 columbas
1314 2115 1587 2166 Dodonenses,
1620 2116 1710 2167 quia
1736 2116 1789 2157 ibi
1816 2129 1840 2157 a
1867 2128 2019 2168 quercu
2047 2128 2119 2169 per
2145 2115 2252 2169 ipsas
2279 2126 2354 2156 re-

211 2183 355 2225 sponsa
391 2172 595 2212 dabantur.
626 2193 679 2200 -

344 2228 408 2266 Vs.
445 2225 508 2269 14.
571 2225 695 2271 Quod
725 2224 806 2262 nisi
835 2236 907 2268 me,
939 2224 1170 2266 subauditur
1200 2224 1300 2264 dico.
1341 2221 1467 2268 Quod
1485 2225 1659 2269 nisime,
1689 2225 1729 2266 id
1760 2230 1821 2265 est
1847 2226 1922 2267 nisi
1951 2226 2190 2279 praescirem
2218 2236 2352 2279 augu-

215 2282 336 2322 rando
359 2285 427 2330 12).
485 2280 638 2324 Novas,
668 2279 874 2320 inauditas.
933 2277 1137 2324 Incidere,
1169 2279 1353 2319 devitare.
1378 2302 1433 2307 —-
1468 2278 1746 2332 Quocunque,
1776 2280 2068 2332 quoquomodo.
2125 2279 2244 2320 Lites
2271 2279 2354 2320 mi-

214 2337 369 2386 litares,
399 2337 486 2376 lites
518 2337 645 2376 velitis
667 2337 721 2384 13)
756 2333 917 2383 Claudii,
950 2335 1012 2374 vel
1031 2335 1123 2376 Vari
1151 2334 1200 2374 de
1229 2345 1327 2387 agro
1355 2335 1565 2385 communi,
1597 2337 1662 2386 qui
1691 2335 1848 2376 volebat
1868 2336 2068 2389 Virgilium
2095 2335 2356 2376 occidere.—

347 2392 413 2431 Vs.
448 2390 508 2431 15.
571 2390 768 2441 Sinistra,
826 2390 1021 2437 Quattuor
1050 2401 1196 2442 genera
1225 2390 1390 2441 augurii,
1422 2391 1561 2440 antica,
1592 2391 1755 2442 postica,
1785 2390 1958 2442 sinistra,
1988 2390 2138 2431 dextra.
2167 2412 2223 2420 —
2255 2387 2354 2429 Cor-

219 2446 310 2494 nix,
339 2448 435 2496 avis,
467 2457 566 2497 quae
589 2449 643 2494 Ητ)
675 2450 835 2484 cantare
862 2444 963 2485 solet
991 2443 1287 2496 augurantibus.
1320 2467 1369 2473 —

349 2501 414 2540 Vs.
448 2499 510 2541 16.
568 2498 660 2538 Nec
689 2505 793 2543 tuus,
823 2502 986 2550 amicus,
1016 2499 1191 2546 Moeris,
1220 2499 1363 2540 Macer.
1381 2521 1437 2528 --
1456 2495 1548 2538 Nec
1577 2499 1730 2538 viveret
1749 2498 1842 2551 ipse
1862 2497 2094 2545 Menalcas,
2122 2498 2215 2552 quia
2230 2509 2359 2552 paene

220 2555 376 2596 occisus
401 2560 460 2595 est
489 2556 687 2609 Virgilius.

348 2611 416 2649 Vs.
474 2608 581 2653 Heu,
611 2610 828 2650 interiectio
859 2609 1039 2650 dolentis.
1070 2632 1124 2639 —
1153 2608 1249 2655 Heu
1279 2609 1397 2649 cadit
1426 2609 1470 2647 in
1499 2620 1736 2662 quemquam
1764 2612 1923 2647 tantum
1949 2607 2094 2655 scelus,
2124 2613 2167 2650 ut
2194 2606 2358 2650 occide-

221 2665 270 2706 rit
296 2665 364 2705 Vir
393 2664 513 2704 ilium.
542 2686 595 2692 ——

355 2678 420 2760 gs.
455 2717 518 2760 18.
581 2717 762 2770 Solatia,
790 2719 945 2759 Macrus
974 2719 1037 2760 vel
1056 2719 1229 2762 carmina
1247 2723 1359 2773 rapta
1378 2722 1527 2760 essent.
1567 2716 1776 2763 Menalca,
1805 2717 2202 2774 virgili—Solatia
2219 2722 2359 2773 rapta,

224 2774 368 2818 Solatia
397 2775 612 2817 carminum
639 2778 749 2826 rapta
777 2786 799 2814 a
829 2775 942 2816 nobis
972 2779 1183 2816 essent.—
1597 2793 1605 2798 x

358 2949 393 2991 ε)
419 2948 522 2982 Cod.:
547 2948 766 2982 cornilius
790 2947 944 2992 adque.
990 2949 1024 2990 4)
1051 2948 1153 2983 Cod.:
1180 2960 1374 2995 quorum.
1420 2949 1454 2991 5)
1478 2946 1583 2982 Cod.:
1606 2948 1767 2993 lycida.
1803 2948 1838 2990 6)
1864 2947 1967 2983 Cod.:
1991 2948 2066 2982 ide
2092 2952 2305 2993 quattuor
2329 2953 2364 2982 et
2413 2951 2422 2954 “

233 3005 393 3028 accusa
408 2995 532 3027 ndum
557 2994 760 3038 gladium.
807 2993 978 3027 Praeterea
1003 2996 1045 3027 ita
1069 2997 1177 3028 omnia
1200 3001 1350 3038 corrupta
1375 3000 1460 3035 sunt,
1486 2999 1520 3026 ut
1544 2996 1597 3029 vix
1621 2995 1757 3028 inveniri
1780 2995 1895 3037 possit,
1918 2994 1996 3038 quid
2019 2995 2156 3038 scriptor
2179 2993 2229 3028 his
2252 2993 2362 3029 verbis

233 3041 360 3073 dixerit.
405 3040 440 3081 7)
466 3040 566 3073 Cod.:
595 3039 779 3073 eladius.
826 3038 884 3080 ”J
908 3039 991 3072 Aen.
1018 3039 1071 3082 IV,
1095 3036 1178 3075 409.
1223 3041 1259 3082 8)
1284 3041 1384 3075 Cod.:
1409 3039 1557 3074 eladio
1581 3040 1651 3074 vel
1677 3041 1813 3074 uario.
1860 3039 1895 3081 9)
1921 3039 2026 3075 Cod.:
2050 3045 2134 3074 tua.
2180 3040 2233 3082 1⁰)
2254 3037 2361 3074 Cod.:

232 3096 353 3130 eque.
378 3086 426 3126 11)
453 3085 554 3119 Cod.:
580 3085 727 3118 eladii.
752 3085 801 3127 12)
826 3084 928 3119 Cod.:
956 3086 1250 3129 auguriando.
1277 3086 1327 3128 13)
1353 3085 1457 3121 Cod.:
1484 3085 1587 3119 lites
1611 3085 1804 3120 vellites
1832 3084 1975 3119 eladii.
2002 3084 2170 3129 14)Cod.:
2194 3095 2361 3130 avenn.
