2430 3177
1149 86 1208 134 11

1049 155 1314 173 Μ

105 227 166 263 tes
196 222 281 263 slve
306 221 510 261 terminos,
566 219 655 261 Non
682 223 814 261 autem
834 216 975 260 eodem
1005 217 1125 259 modo
1155 218 1338 259 scribitur
1364 217 1462 259 hora
1483 207 1671 273 temporis
1701 224 1741 261 et
1770 233 1839 263 ora
1860 226 2079 263 ceterarum
2107 235 2253 277 rerum,

44 306 50 310 -
104 277 176 318 sed
196 277 280 318 sola
311 277 549 330 aspiratione
569 276 864 326 discernuntur,
895 275 986 326 quia
1007 274 1104 314 hora
1127 274 1312 326 temporis
1343 287 1431 315 cum
1453 276 1702 328 aspiratione,
1734 281 1952 318 ceterarum
1972 283 2102 318 autem
2121 292 2255 320 rerum

39 365 44 370 .
104 333 190 373 sine
222 331 487 385 adspiratione
517 331 821 379 scribuntur-⁸⁰).
850 352 905 359 —
935 328 997 368 Et
1026 329 1166 368 vacuis
1196 341 1216 370 a
1248 328 1388 379 fluvio,
1421 330 1482 370 vel
1510 343 1657 371 vacuas
1689 331 1802 383 dicit,
1843 334 1933 384 quia
1964 335 2096 385 paucis
2136 334 2254 375 habi-

103 391 250 430 tantur.
308 385 410 425 Non
439 398 618 440 aequus,
648 387 818 438 iniquus.
883 382 1076 429 Clanius,
1106 384 1251 424 fluvius
1282 384 1531 438 Campaniae.
1588 384 1778 432 Acerris,
1809 386 1983 428 Acerrae
2002 390 2139 430 civitas
2169 390 2254 430 Ita-

101 443 179 484 liae
210 442 468 496 Campaniae,
501 454 617 494 quam
647 440 806 481 Clanius
836 440 989 482 fluvius·
1007 440 1183 480 inundat.
1216 461 1268 470 ·—
1305 438 1500 491 c'ccmius.
1520 440 1663 482 fluvius
1686 442 1920 494 Campaniae
1948 455 2027 483 non
2057 444 2156 486 adeo
2185 446 2253 486 in-

101 509 225 553 gens,
257 499 329 539 sed
359 503 534 546 torrens;
565 496 657 536 huic
683 497 857 536 iniuncta
886 495 960 536 fuit
987 495 1244 548 Acerraev),
1273 508 1392 548 quam
1420 497 1608 549 paulatim
1635 498 1890 539 inundatione
1919 498 2070 541 disiecit
2099 505 2139 541 et
2177 514 2253 543 va-

102 565 199 595 cuas
230 558 383 602 terras,
413 553 453 593 id
484 556 544 593 est
574 551 802 602 destitutas,
834 551 977 592 effecit.

236 609 303 649 Vs.
333 605 426 648 226.
491 607 728 659 Quamque,
759 612 918 647 terram.

234 664 300 704 Vs.
330 661 424 703 227.
488 662 630 714 Supra
659 675 834 706 morem,
867 674 987 714 supra
1017 660 1265 714 opinionem,
1295 659 1334 701 id
1365 665 1427 702 est
1453 661 1542 714 plus
1574 673 1692 713 quam
1725 664 1942 705 existimas,

232 719 299 761 Vs,
331 716 423 759 2:28.
484 718 634 757 Altera
660 718 883 771 frumentis
914 723 951 758 et
979 718 1145 769 reliqua.
1203 718 1317 765 Hi⁸²)
1349 729 1489 756 versus
1510 718 1822 771 inconparabiles
1853 725 1965 772 sunt,
1996 725 2142 762 tantam
2174 721 2252 762 ha-

99 773 192 815 bent
218 774 490 826 repetitionem
521 776 606 814 sine
636 775 765 825 aliqua
795 773 1069 826 perissologia.
1101 795 1155 803 —-
1184 771 1339 824 Favet,
1368 773 1574 812 consentit.

232 830 300 869 Vs.
331 827 423 869 229.
482 827 649 875 Densa,
681 833 798 869 terra.
856 829 928 868 Hic
957 828 1151 877 ostendit,
1181 827 1271 879 quid
1303 828 1450 879 ubique
1477 828 1618 868 melius
1639 829 1835 880 nascitur3
1864 833 2062 884 potest⁸³)
2094 833 2195 872 enim
2216 836 2256 873 et

98 883 337 925 frumentum
367 886 406 923 in
434 897 522 924 rara
554 889 591 923 et
621 885 751 924 vinum
782 886 821 924 in
852 883 975 925 densa
1005 884 1138 934 nasci,
1168 882 1239 923 sed
1267 894 1347 923 non
1377 883 1555 926 feliciter.
1584 897 1640 913 4-
1683 882 1829 936 Lyaeo
1870 898 1917 926 eo
1948 886 2052 939 quod
2093 887 2255 928 nimium

98 940 232 981 vinum
262 939 476 980 bibentium
506 939 680 979 membra
710 940 839 979 solvit.

233 995 301 1035 Vs.
331 993 424 1035 230.
488 992 661 1046 Comes,
690 995 813 1048 eliges
825 997 894 1043 Μ).

234 1051 301 1091 Vs.
333 1048 426 1091 231.
485 1048 534 1088 In
564 1049 718 1094 solido,
750 1061 800 1089 ne
827 1061 924 1103 ager
951 1048 1002 1089 sit
1031 1060 1245 1090 concavus.

230 1106 300 1146 Vs.
332 1103 425 1147 232.
484 1104 673 1144 Humum.
733 1105 884 1145 Humus
907 1110 967 1145 est
985 1105 1148 1146 interior
1165 1116 1255 1158 pars
1276 1109 1419 1153 terrae,
1443 1104 1624 1156 superior
1643 1109 1762 1146 terra.
1806 1103 2041 1159 Aequabz’s,
2071 1107 2253 1149 calcabis.

213 1161 296 1206 νε.
330 1158 423 1202 233.
486 1160 536 1198 Si
565 1160 740 1199 deerzmt
769 1166 806 1200 et
835 1160 999 1211 reliqua.
1058 1160 1153 1201 Fodi
1183 1165 1324 1200 terrain
1354 1159 1462 1199 iubet
1491 1165 1530 1199 ct
1559 1160 1641 1200 lieri
1672 1160 1821 1201 fossam
1852 1162 1958 1203 velut
1986 1167 2168 1216 puteum,
2206 1175 2255 1203 ac

98 1215 150 1258 de
177 1227 281 1257 novo
311 1221 456 1257 terram
485 1217 524 1255 in
553 1228 638 1256 eam
668 1216 815 1256 iactari.
874 1216 914 1257 Si
943 1216 1077 1267 itaque
1108 1217 1235 1256 minus
1264 1216 1421 1257 inventa
1451 1209 1589 1265 fuerit,
1630 1217 1777 1256 inutilis
1808 1221 1846 1256 et
1888 1218 2031 1257 vitibus
2062 1218 2255 1270 ponendis

98 1277 138 1313 et
164 1271 372 1313 frumentis
401 1270 602 1321 serendis,
644 1272 706 1311 sin
734 1271 882 1324 repleta
911 1270 1022 1311 fossa
1052 1271 1318 1324 superaverit,
1359 1275 1504 1310 terrani
1533 1272 1636 1311 scias
1666 1271 1834 1312 fertilem
1865 1277 1904 1312 et
1942 1273 2111 1327 opimam
2150 1285 2253 1324 esse,

98 1327 171 1368 sed
201 1332 240 1368 et
264 1327 475 1381 pecoribus
504 1327 653 1367 utilem.

230 1383 298 1422 Vs.
329 1380 423 1424 234.
481 1380 732 1433 Nequeunt,
763 1382 795 1422 si
824 1393 905 1422 non
934 1385 1168 1434 potuerunt,
1199 1380 1236 1420 id
1268 1385 1330 1421 est
1359 1380 1520 1421 semina.

230 1438 298 1478 Vs,
329 1436 423 1479 235,
486 1436 729 1481 Scrobibus,
754 1437 888 1477 fossis.
910 1460 956 1465 ——
983 1435 1225 1488 Super-abit,
1247 1437 1281 1476 si
1302 1436 1544 1489 superaverit
1563 1436 1711 1489 repleta
1730 1437 1862 1487 fossa3
1891 1442 2016 1481 terra,
2037 1439 2254 1491 superiora.

231 1493 299 1533 Vs.
331 1491 423 1534 236.
487 1490 764 1540 Cunctantes,
793 1492 1015 1533 dubitantes
1046 1503 1096 1532 an
1125 1491 1304 1542 Baccho,
1344 1503 1393 1530 an
1425 1490 1557 1531 Cereri
1585 1493 1844 1541 serviant⁸⁶).
1881 1520 1936 1525 —
1986 1491 2253 1539 Cunctantes,

98 1548 301 1591 obstantes
330 1548 501 1588 futurae.

234 1604 301 1644 Vs.
333 1600 428 1644 237.
487 1602 732 1653 Exspecta,
761 1602 887 1655 proba
903 1605 980 1652 ⁸⁶),
1011 1606 1056 1641 ut
1081 1600 1205 1639 rebus
1236 1605 1464 1653 expectata
1492 1601 1681 1640 iuventus
1696 1605 1768 1650 ⁸⁷).

229 1660 298 1699 νε.
329 1656 422 1700 238.
485 1657 610 1696 Salsa
632 1662 791 1701 autem,
824 1670 913 1697 cum
934 1656 1072 1697 eadem
1093 1657 1199 1699 salsa
1221 1661 1260 1697 ct
1289 1668 1444 1707 amara,
1477 1657 1549 1696 sed
1567 1657 1691 1710 magis
1721 1657 1796 1698 alia
1818 1657 1924 1698 salsa
1944 1664 1982 1700 et
2010 1659 2086 1699 alia
2105 1671 2253 1710 amara,

97 1724 226 1769 neque
256 1715 357 1754 enim
389 1726 571 1768 saporem
602 1719 770 1765 utraque
797 1713 953 1753 retinet.

231 1770 298 1811 Vs.
329 1767 422 1810 239.
482 1768 717 1821 Fruyibus,
747 1768 786 1808 id
816 1773 877 1808 est
897 1767 1078 1808 omnibus
1097 1766 1304 1807 fructibus.
1335 1789 1389 1796 -
1429 1765 1523 1805 Nec
1547 1767 1794 1806 mansuescit
1825 1768 2010 1818 arando,
2043 1768 2135 1811 dum
2156 1781 2252 1811 ara-

97 1830 185 1877 tur,
216 1830 260 1865 ut
289 1825 409 1866 illud:
441 1829 535 1863 sunt
564 1825 652 1862 sine
681 1824 845 1862 nomine
873 1827 1034 1874 terrae,
1063 1823 1102 1863 id
1134 1827 1194 1862 est
1223 1823 1309 1862 sine
1338 1820 1464 1875 gloria
1490 1827 1530 1864 et
1560 1822 1761 1876 dignitate.
1956 1853 1963 1857 .

230 1881 297 1921 Vs.
327 1879 420 1920 240.
484 1876 643 1923 Genus,
674 1880 812 1933 origo,
855 1882 917 1918 ut:
947 1890 1079 1930 yenus
1108 1877 1219 1917 unde
1251 1875 1461 1917 Latinum.
1519 1875 1724 1923 Nomina,
1762 1877 1939 1931 species,
1971 1882 2038 1920 ut:
2078 1881 2147 1918 cui
2175 1894 2254 1919 ηο-

96 1936 209 1976 ηιὶηα
239 1935 374 1984 mille,
402 1935 443 1975 id
473 1940 534 1975 est
562 1935 729 1987 species.

230 1992 298 2032 Vs.
329 1989 422 2032 241.
488 1989 589 2028 Tale
607 1988 729 2028 dabit
749 1988 977 2040 specimen,
1007 1999 1079 2040 pro
1097 1987 1242 2029 indicio
1270 1988 1402 2041 posuit
1422 1987 1659 2041 exemplum.
1678 2010 1734 2017 —
1765 1987 1915 2040 Spisso
1942 1990 2103 2035 vimine,
2135 1991 2252 2044 spissi

98 2047 263 2089 viminis.
297 2070 350 2075 —
386 2045 567 2090 Qualos.
595 2045 766 2096 cofimis,
797 2056 868 2096 per
897 2054 997 2096 quos
1028 2044 1160 2084 vinum
1193 2042 1339 2082 defluit.

229 2102 297 2143 νε.
328 2100 422 2143 242.
487 2099 764 2152 Colaquessss),
795 2101 834 2140 in
865 2099 1027 2140 modum
1055 2098 1202 2138 canalis
1232 2097 1341 2138 fiunt.
1362 2120 1413 2128 -
1442 2095 1706 2149 Praelorum,
1736 2100 1912 2152 praelum
1934 2099 2076 2142 dicitur
2102 2101 2252 2155 lignum

96 2157 270 2212 grande,
302 2170 381 2210 quo
413 2159 603 2210 premitur
631 2155 795 2196 cochlea
808 2158 878 2204 ⁸⁹).
935 2152 1122 2206 Der-ipe,
1157 2154 1417 2195 instrumenta
1446 2153 1495 2194 ad
1525 2154 1746 2196 colandum.

231 2213 298 2253 Vs.
330 2211 423 2253 243.
482 2210 621 2263 Ayer,
653 2215 772 2251 terra.

231 2268 297 2309 Vs.
327 2266 420 2309 246.
483 2266 647 2318 Sapor,
688 2266 862 2318 quinque
899 2276 1046 2318 genera
1085 2275 1269 2316 saporum
1304 2269 1416 2314 sunt,
1456 2265 1590 2316 visus,
1632 2264 1811 2316 auditus,
1854 2265 2066 2317 odoratus,
2107 2272 2249 2319 tactus,

98 2328 254 2379 gustuS.
284 2346 338 2354 -
368 2322 429 2361 Et
460 2335 536 2361 ora
566 2321 706 2361 tristia
739 2325 778 2360 et
806 2320 971 2372 reliqua.
1030 2319 1074 2360 In
1105 2320 1371 2372 superioribus
1400 2320 1503 2361 bene
1533 2320 1664 2361 divisit
1693 2326 1886 2362 terrarum
1907 2323 2096 2375 speciem,
2127 2334 2251 2378 sepa-

99 2381 211 2422 ratim
241 2379 408 2427 salsam,
439 2378 649 2430 separatim
680 2382 872 2425 amaram;
903 2375 967 2415 hic
995 2374 1044 2415 de
1074 2375 1157 2416 sola
1170 2376 1226 2423 ⁹⁰)
1257 2374 1428 2427 loquitur
1456 2387 1603 2417 amara.

230 2435 298 2475 νε.
329 2433 422 2475 249.
482 2432 670 2483 lactata,
701 2436 879 2472 tractata.
910 2453 965 2459 —
995 2429 1200 2475 Fame-tt,
1230 2430 1406 2471 solvitur.

232 2490 300 2530 Vs.
330 2488 426 2531 250.
484 2487 716 2531 Lentiscit,
747 2485 1050 2534 concrescit01).

103 2575 107 2577 μ
232 2545 300 2586 νε.
330 2543 424 2586 251.
482 2542 690 2587 Humida,
720 2541 920 2583 humidam
950 2541 1013 2581 vel
1043 2540 1093 2582 ad
1124 2539 1296 2581 sterilem
1324 2540 1502 2594 repediat
1530 2541 1657 2594 magis
1688 2553 1804 2594 quam
1835 2541 1967 2584 herbis
2005 2555 2122 2597 quam
2157 2543 2249 2585 fru—

99 2600 240 2642 ctibus.
299 2599 457 2640 Laetam
487 2600 526 2640 id
555 2604 636 2649 est,
667 2609 719 2638 ne
746 2597 893 2638 herbae
924 2597 1012 2650 plus
1043 2607 1170 2648 aequo
1200 2602 1425 2638 crescentes
1456 2595 1628 2639 adimant
1656 2607 1767 2651 spem
1796 2597 2096 2640 frumentorum.

232 2656 299 2696 νε.
330 2653 422 2696 253,
480 2653 635 2693 Aristis
650 2682 664 2704 ,
692 2653 824 2693 herbis
855 2652 1123 2706 surgentibus.

232 2711 300 2752 VS.
331 2708 424 2751 254.
482 2708 704 2756 Pondere,
732 2708 890 2749 iacenti.

233 2767 300 2808 Vs.
332 2763 426 2807 256.
489 2763 768 2809 Sceleratum,
798 2762 935 2805 sterile
961 2773 1034 2817 pro
1061 2760 1251 2803 insalubri
1279 2761 1344 2803 vel
1370 2761 1512 2804 nocivo
1541 2762 1686 2817 posuit.
1744 2762 1920 2817 Friqus,
1950 2768 2079 2806 terrae
2106 2763 2247 2818 frigus.

232 2953 286 2995 8⁰)
312 2951 401 2986 Haec
425 2961 444 2985 a
469 2962 566 2984 manu
589 2956 714 2985 recent.
737 2950 781 2985 ad
806 2950 987 2995 marginem
1003 2950 1171 2994 adscripta
1192 2955 1280 2983 sunt.
1326 2949 1378 2992 81)
1402 2952 1598 2985 acer-iae.
1644 2951 1697 2993 82)
1722 2951 1795 2985 flu.
1842 2951 1895 2993 83)
1921 2956 2030 2994 post.
2076 2951 2128 2993 84)
2154 2951 2247 2985 ele-

101 3010 192 3046 gos.
236 3000 290 3042 85)
315 3003 514 3032 servant.
560 2997 612 3038 86)
637 2996 844 3040 probata.
883 2997 935 3038 87)
961 2995 1013 3030 Cf.
1036 2996 1124 3030 Aen.
1149 2995 1239 3038 vm,
1264 2994 1342 3030 151.
1387 2997 1442 3038 88)
1467 2997 1690 3042 calaquae.
1730 2996 1782 3039 89)
1808 2996 2016 3031 cocleum.
2056 2998 2108 3040 90)
2133 2998 2247 3033 soto.

103 3046 212 3082 Num:
244 3045 295 3080 de
327 3043 424 3079 solo
464 3042 642 3078 amaro?
665 3060 712 3070 -
737 3043 790 3086 91)
813 3042 845 3077 Α
867 3052 955 3078 man.
980 3053 1048 3077 rec.
1079 3048 1130 3077 est
1152 3042 1369 3087 adscriptum:
1402 3042 1627 3088 habendo,
1659 3043 1751 3078 dum
1781 3042 1981 3077 habetur.

1919 3098 1981 3143 2..
