2430 3177
1265 107 1300 157 8

338 246 403 285 Vs.
436 243 501 286 69.
566 242 737 296 Tuyuri,
768 254 838 295 pro
869 243 928 288 ii,·
957 238 1157 297 tugurium
1189 243 1406 284 aedilicium
1434 255 1457 284 a
1486 243 1656 298 tegendo
1687 243 1847 294 dictum,
1877 244 1917 286 id
1937 248 1997 285 est
2027 249 2119 285 casa
2135 243 2357 296 pastoralis.

204 324 259 330 —
293 300 473 351 Cespite.
533 300 678 351 Cespes
711 303 814 339 terra
844 310 933 339 cum
962 298 1118 350 propria
1146 298 1268 339 herba
1297 299 1465 347 revulsa,
1497 300 1561 339 vel
1589 311 1728 351 cespes
1758 298 2054 340 fundamentum
2084 299 2357 340 domunculae.

200 380 256 386 -
292 355 474 400 Culmen,
505 355 593 395 ideo
624 354 777 402 dicitur,
810 355 900 405 quia
930 353 1059 393 culmo
1088 355 1246 407 tegitur,
1278 354 1318 394 id
1347 358 1408 394 est
1429 354 1581 407 stipula.
1641 354 1739 392 Mea
1759 367 1902 406 reque,
1931 355 1997 394 ubi
2018 354 2356 394 dominatus-sum.

334 412 401 451 Vs
433 409 497 451 70.
557 407 672 449 Post
704 407 870 459 aliquot
912 409 1075 452 aristas,
1116 389 1206 461 poost
1243 409 1390 460 aliquot
1432 421 1580 458 annos3
1612 421 1721 449 more
1758 410 1906 448 rustico
1947 422 2018 460 per
2045 413 2202 462 segetes
2231 419 2356 450 annos

199 471 408 518 computat,
441 466 530 516 quia
556 465 690 505 rustici
719 475 788 514 per
817 465 957 504 aristas
989 475 1113 504 annos
1144 464 1422 513 adnumerant3
1453 476 1591 505 eorum
1622 466 1722 504 enim
1740 464 1901 517 physica
1931 465 1970 503 in
1991 464 2110 515 paleis
2141 468 2180 503 et
2207 463 2355 507 messi-

199 522 272 561 bus
313 525 385 560 est.
424 542 479 548 —
528 517 637 558 Post
679 517 844 570 aliquot
882 519 1045 559 aristas.
1113 519 1185 559 Pro
1225 520 1336 559 annis
1379 520 1552 559 aestatis.
1616 520 1688 560 Hic
1715 524 1851 571 tropus
1881 518 2103 572 metalepsis
2123 521 2182 582 25)
2214 517 2262 557 ab
2292 530 2355 570 eo,

199 575 304 628 quod
342 574 562 627 praecedit,
600 574 707 626 quod
749 574 926 626 sequitur
967 573 1206 623 ostendens;
1247 575 1338 626 quia
1374 587 1446 626 per
1484 575 1624 615 aristas
1654 587 1799 628 grana,
1830 586 1918 626 per
1927 585 2051 626 grana
2082 574 2172 623 anni¹
2199 572 2356 625 signifi-

207 642 255 671 ca
274 632 412 670 tisunt.
470 666 474 673 ,

333 686 398 724 Vs.
430 684 496 726 71.
555 683 710 736 Impius
747 684 884 727 miles,
921 684 1149 737 Augustus,
1190 686 1255 738 qui
1295 690 1431 725 contra
1462 683 1674 726 Antonium
1714 696 1821 724 arma
1858 684 2035 737 portavit.
2103 682 2243 725 M‘iles
2283 683 2356 724 nic

201 740 458 781 Octaw'anum
488 740 671 794 Virgilius
701 740 825 788 laesit,
846 742 904 789 26)
936 740 1006 779 sed
1027 741 1229 780 veritatem
1251 745 1412 781 secutus
1435 745 1507 780 est.
1566 739 1742 791 Impius,
1774 740 1863 797 quia
1883 739 1982 779 bella
2003 739 2127 778 civilia
2146 737 2354 784 desiderat.

197 795 342 847 Impius
373 795 570 847 epitheton
601 800 661 835 est
688 795 818 835 militis
849 807 909 843 eo,
941 795 1048 846 quod
1074 795 1268 836 vincendo
1298 797 1479 848 pietatem
1509 793 1792 848 praetermittit.
1815 817 1862 822 —
1887 794 1989 833 Dum
2019 794 2129 833 miles
2162 793 2353 845 poitando

196 862 304 890 arma
334 855 373 890 et
403 850 594 890 vincendo
624 850 720 889 alios
752 854 869 890 nocet
899 851 1071 901 [impius]
1093 853 1149 899 ²⁷)
1183 850 1334 890 dicitur.
1393 850 1498 890 Haec
1527 850 1741 890 Meliboeus
1771 851 1893 889 iratus
1924 848 2036 898 dicit,
2077 848 2184 900 quod
2213 849 2353 888 milites

197 904 427 954 dividentes,
459 906 519 945 vel
550 904 654 957 quod
679 904 780 943 bella
810 904 934 944 civilia
963 905 1151 946 facientes
1184 910 1329 946 essent.
1389 903 1575 942 Navalia
1604 909 1695 945 sunt
1713 916 1814 944 nova
1833 917 1938 954 rura,
1966 915 2068 972 quae
2086 915 2156 956 per
2175 903 2353 957 singulos
2385 942 2391 945 .

197 971 321 1000 annos
353 965 545 1000 novantur
573 960 735 999 semine.

329 1015 394 1053 is
426 1013 489 1054 72.
550 1012 618 1051 Eu
649 1026 746 1065 quo,
778 1026 874 1053 ecce
900 1013 978 1054 ubi.
1037 1013 1129 1052 Has
1158 1020 1340 1066 seyetes,
1371 1026 1473 1066 quae
1501 1014 1594 1053 mihi
1624 1020 1716 1054 sunt
1744 1014 1784 1053 in
1812 1013 1982 1055 Mantua.

329 1069 394 1108 Vs.
429 1066 494 1109 73.
553 1067 793 1111 Produxit,
833 1080 951 1121 porro
990 1069 1194 1121 produxit
1212 1071 1252 1109 in
1291 1071 1441 1110 alienos
1480 1080 1599 1121 agros
1640 1070 1721 1118 [ex]
1754 1070 1867 1121 agris
1909 1068 2089 1121 propriis
2147 1065 2218 1108 En
2247 1068 2351 1120 quis,

200 1136 294 1165 ecce
349 1124 476 1164 uibus.

323 1137 398 1218 qVs,
431 1177 494 1218 74.
558 1175 705 1215 Insere
746 1177 878 1218 Semet
905 1178 1031 1230 ipsum
1060 1178 1235 1230 imperat.
1294 1176 1436 1221 Piros,
1467 1177 1618 1218 arboris
1649 1189 1789 1231 genus.
1833 1175 1953 1215 Pone
1979 1159 2151 1216 indierat
2174 1159 2328 1231 agris..

198 1233 346 1272 Insere.
407 1233 459 1273 Se
485 1234 611 1284 ipsum
640 1232 832 1281 hortatur,
865 1232 950 1272 sive
979 1232 1056 1273 hoc
1084 1232 1251 1272 dolentis
1281 1232 1372 1273 dicit
1401 1232 1565 1283 affectu²,
1597 1234 1688 1284 quia
1715 1232 1811 1271 nihil
1837 1232 1983 1284 profuit
2010 1232 2063 1271 illi
2091 1231 2168 1272 hoc
2192 1232 2350 1284 fecisse,

196 1289 351 1341 quando
384 1287 662 1327 excludebatur
693 1298 716 1325 a
745 1287 900 1339 propria
928 1287 1194 1340 possessione.

328 1344 394 1382 Vs.
427 1341 492 1382 75.
553 1341 691 1385 Felix,
724 1341 908 1392 quamdiu
938 1346 976 1381 et
1007 1353 1081 1395 ego
1112 1341 1208 1381 felix
1237 1340 1304 1383 fui.
1365 1340 1506 1386 Felix,
1537 1343 1576 1382 in
1606 1341 1747 1381 finibus
1769 1341 1925 1382 vestris.
1983 1341 2054 1381 Hic
2081 1320 2190 1382 videt
2217 1345 2353 1394 pastor

198 1399 272 1450 [se]
294 1401 350 1446 ²⁵³)
381 1409 463 1437 non
490 1397 648 1447 habere,
681 1396 787 1448 quod
817 1396 972 1449 Tityrus
999 1396 1128 1436 habet.
1186 1396 1315 1435 Felix
1344 1398 1502 1449 quando
1531 1397 1735 1439 habitastis
1766 1398 1806 1437 in
1834 1395 1975 1436 finibus
1996 1396 2152 1436 vestris.
2214 1395 2350 1471 Quou-

200 1454 310 1497 clam,
341 1454 390 1493 ali
421 1452 562 1492 uando.

298 1465 489 1547 Vsmq76
548 1505 646 1545 Non
676 1520 776 1558 eye,
804 1507 845 1546 id
876 1512 957 1557 est,
988 1512 1078 1560 post
1103 1507 1206 1548 haec
1234 1520 1314 1549 non
1345 1519 1418 1548 vos
1447 1511 1654 1561 pascentes
1684 1506 1839 1556 videbo,
1870 1505 1941 1546 sed
1970 1507 2011 1546 in
2039 1511 2152 1547 antro
2183 1506 2347 1547 cubabo.

198 1562 398 1607 Posthac,
430 1567 518 1613 post
544 1562 631 1602 hoc.
701 1561 850 1609 Vir-idi,
881 1574 952 1613 pro
983 1574 1101 1614 parva
1131 1561 1253 1602 herba
1277 1564 1316 1602 in
1346 1574 1403 1602 se.

330 1618 396 1656 Vs.
427 1615 492 1656 77.
553 1615 752 1660 Dumosa,
783 1617 952 1667 spinosa.
1014 1615 1216 1660 Pendere,
1250 1618 1339 1668 quia
1369 1629 1486 1669 capra
1516 1629 1604 1656 cum
1631 1616 1804 1668 pascitur
1831 1616 1870 1655 in
1895 1618 2053 1668 spinosa
2081 1616 2236 1669 pendet.
2296 1620 2313 1636 ⁶

329 1673 395 1711 Vs.
427 1669 491 1712 78.
556 1670 746 1709 Carmina
775 1669 892 1708 nulla
922 1683 1087 1715 canam,
1129 1672 1219 1722 quia
1256 1673 1378 1711 tristis
1409 1676 1470 1710 est
1499 1683 1571 1711 sua
1597 1673 1852 1724 possessione
1880 1682 2042 1722 carens,
2083 1676 2123 1711 et
2151 1682 2229 1711 non
2258 1671 2349 1712 licet

197 1729 346 1768 tristem
379 1738 521 1766 canere
550 1738 621 1767 sua
651 1730 859 1766 carentem.
881 1728 938 1774 ²⁹)

329 1783 394 1821 Vs.
427 1780 491 1822 79.
556 1779 750 1833 Cytisum.
816 1781 944 1820 Herba
984 1785 1045 1820 est
1082 1780 1193 1820 lactis
1233 1779 1536 1820 habundantiam
1558 1781 1615 1829 3ο)
1655 1792 1889 1834 suggerens.
1972 1778 2177 1833 Cytisum,
2218 1793 2347 1834 genus

195 1837 358 1887 fruticis,
391 1836 452 1876 vel
481 1835 601 1876 herba
630 1837 670 1875 in
700 1835 833 1887 Cytisa
862 1836 1016 1876 civitate
1046 1847 1227 1886 quaeque
1254 1835 1357 1874 inter
1376 1847 1536 1887 campos
1566 1839 1605 1875 et
1627 1836 1747 1875 silvas
1768 1837 1955 1877 nascitur.
2013 1834 2185 1874 Amaras
2212 1836 2347 1884 homi-

196 1893 311 1932 nibus
342 1868 451 1940 dixit,
482 1895 655 1930 ceterum
683 1891 816 1943 pecori
845 1890 980 1930 dulces
1011 1894 1114 1929 sunt.
1172 1887 1344 1927 Amaras
1373 1889 1596 1930 hominibus
1626 1902 1705 1930 non
1735 1893 1876 1943 capris.

330 1947 395 1985 Vs.
427 1944 492 1986 81.
552 1943 696 1989 Micia,
728 1949 890 1986 matura.
949 1944 1096 1983 Mitia
1106 1957 1247 1995 poma.
1305 1943 1529 1998 Allegorice
1548 1947 1603 1992 31)
1645 1957 1717 1997 pro
1754 1947 1950 1987 suavitate
1992 1946 2207 1986 carminum
2237 1922 2346 1986 dixit.

329 2001 395 2040 Vs.
425 1999 491 2041 82.
556 1998 802 2041 castaneae,
833 1999 946 2039 mala.
1004 1997 1171 2042 Pressi.
1202 1999 1357 2040 emulcti
1387 2000 1449 2039 vel
1479 2001 1595 2040 casei.

327 2056 394 2095 Vs.
425 2053 491 2096 83.
549 2053 609 2093 Et
639 2055 718 2093 iam
747 2067 898 2092 summa
922 2053 1087 2106 procul.
1123 2054 1287 2095 Noctem
1307 2066 1377 2107 per
1394 2054 1470 2095 hoc
1489 2055 1765 2107 supervenisse
1786 2054 1889 2096 dicit.
1952 2054 2141 2095 Culmiua
2165 2033 2342 2108 fumant,

197 2123 320 2152 coena
348 2114 549 2162 pastorum
579 2109 628 2149 ad
658 2121 878 2162 vesperum.

332 2166 397 2204 Vs.
428 2163 495 2206 84.
556 2163 819 2216 Maioresque
849 2168 957 2208 sunt,
988 2163 1247 2216 duplicantur,
1278 2168 1484 2218 augentur.
1527 2162 1790 2227 Maioresque
1820 2165 1990 2211 cadunt,
2019 2156 2059 2206 id
2078 2170 2139 2206 est
2157 2169 2345 2220 vergente

198 2220 247 2260 ad
276 2232 463 2262 occasum
491 2219 577 2260 sole
605 2220 768 2260 umbrae
795 2220 983 2260 montium
1013 2223 1208 2259 crescunt.
1275 2199 1459 2262 Umbrae,
1488 2231 1568 2259 nox
1596 2219 1781 2260 imminet.

1000 2421 1114 2474 Ad
1154 2422 1377 2488 ecloy.
1423 2421 1537 2474 II.

333 2554 440 2594 Haec
468 2552 604 2606 ecloga
634 2553 674 2593 in
699 2554 890 2595 honorem
917 2551 1042 2593 Asinii
1072 2553 1253 2594 Pollionis
1281 2554 1426 2607 scripta
1455 2558 1527 2594 est.
1557 2575 1611 2583 —
1646 2553 1754 2595 Haec
1780 2554 1919 2609 ecloga
1946 2554 2004 2596 sic
2031 2555 2197 2597 habetur
2226 2557 2339 2609 quasi

199 2611 239 2650 in
269 2609 408 2658 Sicilia,
438 2613 482 2648 ut
510 2608 648 2648 mille
676 2620 814 2649 meae
843 2609 1034 2650 Siculis
1064 2612 1237 2649 errant
1277 2609 1328 2648 in
1357 2609 1613 2649 montibus
1644 2621 1815 2663 agnae.
1872 2610 1978 2650 Haec
2008 2610 2144 2664 ecloga
2170 2612 2210 2652 in
2239 2623 2337 2665 agro

201 2665 370 2712 canitur,
415 2668 457 2702 ut
487 2674 614 2703 nunc
642 2663 790 2703 etiam
819 2663 1052 2715 pecudes
1080 2664 1274 2704 umbras
1305 2667 1352 2703 et
1380 2663 1576 2717 frigora
1606 2669 1822 2717 captant.
1880 2665 1921 2704 ln
1950 2666 2024 2705 hac
2053 2667 2191 2720 ecloga
2219 2671 2335 2720 poeta

200 2719 309 2759 solus
340 2719 531 2769 loquitur,
576 2717 652 2757 hoc
690 2722 750 2757 est
785 2718 994 2758 adsidue
1033 2718 1292 2766 veniebat,
1326 2718 1393 2759 ibi
1424 2718 1546 2759 haec
1583 2719 1842 2760 incondita
1871 2720 2016 2760 solus
2046 2721 2332 2770 iactabat¹)

300 2915 383 2954 ›25)
411 2912 512 2946 Cod.·
538 2912 822 2945 metalemsis.
869 2913 920 2954 2ο)
947 2913 1058 2947 Codex
1082 2914 1197 2947 habet:
1223 2915 1376 2949 laesis.
1430 2915 1481 2956 27)
1506 2914 1540 2948 ln
1566 2915 1639 2948 cod.
1674 2915 1767 2949 deest
1791 2917 1960 2960 impius.
2006 2918 2058 2958 28)
2084 2916 2182 2951 Deest
2204 2919 2234 2950 in
2260 2918 2332 2952 cod.

203 2958 394 2991 vocabulum
420 2968 475 2991 se.
519 2958 582 2999 29)
597 2957 696 2991 Cod:
723 2960 920 2991 carenti.
954 2959 1005 3000 ³⁰)
1031 2959 1084 2992 Sic
1107 2971 1234 3004 semper
1259 2963 1291 2993 in
1315 2960 1379 2994 hoc
1403 2960 1516 2995 codice
1541 2960 1701 2996 scribitur.
1747 2961 1847 2996 Porro
1874 2962 1990 3007 legitur
2013 2962 2132 2996 lacti.
2187 2963 2238 3006 ³1)
2262 2963 2332 2997 Hoc

202 3004 394 3037 vocabulum
420 3004 490 3037 fere
514 3013 642 3045 semper
662 3003 850 3046 alligoricae
874 3004 926 3037 vel
951 3004 1126 3048 allegorice
1151 3006 1308 3039 scribitur.
2052 3029 2054 3031 »

337 3049 368 3090 1)
395 3049 504 3082 Codex
528 3048 641 3081 habet:
674 3049 793 3082 solus
826 3051 1022 3083 reitantu
1056 3050 1097 3083 id
1130 3057 1194 3083 est
1228 3052 1400 3084 auroris.
