<?xml version="1.0" encoding="UTF-8"?>
<!DOCTYPE html PUBLIC "-//W3C//DTD XHTML 1.0 Transitional//EN"
    "http://www.w3.org/TR/xhtml1/DTD/xhtml1-transitional.dtd">
<html xmlns="http://www.w3.org/1999/xhtml" xml:lang="en" lang="en">
 <head>
  <title>
</title>
<meta http-equiv="Content-Type" content="text/html;charset=utf-8" />
  <meta name='ocr-system' content='tesseract 3.04.00' />
  <meta name='ocr-capabilities' content='ocr_page ocr_carea ocr_par ocr_line ocrx_word'/>
</head>
<body>
  <div class='ocr_page' id='page_1' title='image "./commentariaiunil00mluoft_0163.png"; bbox 0 0 2430 3177; ppageno 0'>
   <div class='ocr_carea' id='block_1_1' title="bbox 1179 86 1209 133">
    <p class='ocr_par' dir='ltr' id='par_1_1' title="bbox 1179 86 1209 133">
     <span class='ocr_line' id='line_1_1' title="bbox 1179 86 1209 133; baseline 0 0"><span class='ocrx_word' id='word_1_1' title='bbox 1179 86 1209 133; x_wconf 87' lang='lat'>5</span> 
     </span>
    </p>
   </div>
   <div class='ocr_carea' id='block_1_2' title="bbox 1067 154 1330 170">
    <p class='ocr_par' dir='ltr' id='par_1_2' title="bbox 1067 154 1330 170">
     <span class='ocr_line' id='line_1_2' title="bbox 1067 154 1330 170; baseline 0.004 -1"><span class='ocrx_word' id='word_1_2' title='bbox 1067 154 1330 170; x_wconf 49' lang='lat' dir='ltr'><strong>*m</strong></span> 
     </span>
    </p>
   </div>
   <div class='ocr_carea' id='block_1_3' title="bbox 84 214 2274 1486">
    <p class='ocr_par' dir='ltr' id='par_1_3' title="bbox 84 214 2269 326">
     <span class='ocr_line' id='line_1_3' title="bbox 259 214 2269 271; baseline -0 -14"><span class='ocrx_word' id='word_1_3' title='bbox 259 217 325 257; x_wconf 85' lang='lat' dir='ltr'><strong>Vs.</strong></span> <span class='ocrx_word' id='word_1_4' title='bbox 354 214 421 258; x_wconf 85' lang='lat'><strong>87.</strong></span> <span class='ocrx_word' id='word_1_5' title='bbox 480 214 666 257; x_wconf 78' lang='lat' dir='ltr'><em>Alcinoi.</em></span> <span class='ocrx_word' id='word_1_6' title='bbox 723 216 911 258; x_wconf 89' lang='lat' dir='ltr'><strong>Alcinous</strong></span> <span class='ocrx_word' id='word_1_7' title='bbox 941 228 1013 256; x_wconf 86' lang='lat' dir='ltr'><strong>rex</strong></span> <span class='ocrx_word' id='word_1_8' title='bbox 1043 217 1299 264; x_wconf 56' lang='lat' dir='ltr'><strong>meursius-⁵³)</strong></span> <span class='ocrx_word' id='word_1_9' title='bbox 1331 215 1534 257; x_wconf 86' lang='lat' dir='ltr'><strong>studiosus</strong></span> <span class='ocrx_word' id='word_1_10' title='bbox 1564 216 1756 271; x_wconf 88' lang='lat' dir='ltr'><strong>agricola,</strong></span> <span class='ocrx_word' id='word_1_11' title='bbox 1797 216 1914 258; x_wconf 89' lang='lat' dir='ltr'><strong>huius</strong></span> <span class='ocrx_word' id='word_1_12' title='bbox 1953 215 2091 257; x_wconf 88' lang='lat' dir='ltr'><strong>hortos</strong></span> <span class='ocrx_word' id='word_1_13' title='bbox 2137 219 2269 268; x_wconf 77' lang='lat' dir='ltr'><strong>per⁵⁴)</strong></span> 
     </span>
     <span class='ocr_line' id='line_1_4' title="bbox 84 270 2012 326; baseline -0.001 -12"><span class='ocrx_word' id='word_1_14' title='bbox 84 307 87 309; x_wconf 93' lang='lat'><strong>.</strong></span> <span class='ocrx_word' id='word_1_15' title='bbox 126 272 420 314; x_wconf 86' lang='lat' dir='ltr'><strong>multiformium</strong></span> <span class='ocrx_word' id='word_1_16' title='bbox 449 283 580 312; x_wconf 89' lang='lat' dir='ltr'><strong>rerum</strong></span> <span class='ocrx_word' id='word_1_17' title='bbox 611 276 842 325; x_wconf 87' lang='lat' dir='ltr'><strong>proventum</strong></span> <span class='ocrx_word' id='word_1_18' title='bbox 875 272 1099 322; x_wconf 74' lang='lat' dir='ltr'><strong>[Homerus]</strong></span> <span class='ocrx_word' id='word_1_19' title='bbox 1133 272 1276 312; x_wconf 89' lang='lat' dir='ltr'><strong>laudat.</strong></span> <span class='ocrx_word' id='word_1_20' title='bbox 1309 294 1360 300; x_wconf 96' lang='lat'><strong>—</strong></span> <span class='ocrx_word' id='word_1_21' title='bbox 1395 270 1560 316; x_wconf 71' lang='lat' dir='ltr'><strong>Silvae,</strong></span> <span class='ocrx_word' id='word_1_22' title='bbox 1592 272 1805 326; x_wconf 80' lang='lat' dir='ltr'><strong>pomiferae</strong></span> <span class='ocrx_word' id='word_1_23' title='bbox 1835 272 2012 312; x_wconf 75' lang='lat' dir='ltr'><strong>arbores·</strong></span> 
     </span>
    </p>

    <p class='ocr_par' dir='ltr' id='par_1_4' title="bbox 124 325 2273 478">
     <span class='ocr_line' id='line_1_5' title="bbox 258 325 2273 381; baseline -0 -14"><span class='ocrx_word' id='word_1_24' title='bbox 258 327 323 367; x_wconf 90' lang='lat' dir='ltr'><strong>Vs.</strong></span> <span class='ocrx_word' id='word_1_25' title='bbox 355 325 422 368; x_wconf 91' lang='lat'><strong>88.</strong></span> <span class='ocrx_word' id='word_1_26' title='bbox 485 325 741 371; x_wconf 61' lang='lat' dir='ltr'><strong>crescimus,</strong></span> <span class='ocrx_word' id='word_1_27' title='bbox 781 326 831 367; x_wconf 89' lang='lat' dir='ltr'><strong>de</strong></span> <span class='ocrx_word' id='word_1_28' title='bbox 872 327 1014 379; x_wconf 87' lang='lat' dir='ltr'><strong>oppido</strong></span> <span class='ocrx_word' id='word_1_29' title='bbox 1058 325 1359 375; x_wconf 85' lang='lat' dir='ltr'><strong>Crustimi0⁵⁵);</strong></span> <span class='ocrx_word' id='word_1_30' title='bbox 1399 326 1620 378; x_wconf 68' lang='lat' dir='ltr'><strong>gyrat-ibus,</strong></span> <span class='ocrx_word' id='word_1_31' title='bbox 1660 329 1811 381; x_wconf 86' lang='lat' dir='ltr'><strong>magnis</strong></span> <span class='ocrx_word' id='word_1_32' title='bbox 1826 330 1898 375; x_wconf 81' lang='lat'><strong>⁵⁶).</strong></span> <span class='ocrx_word' id='word_1_33' title='bbox 1929 349 1983 355; x_wconf 95' lang='lat'><strong>—</strong></span> <span class='ocrx_word' id='word_1_34' title='bbox 2024 326 2184 380; x_wconf 73' lang='lat' dir='ltr'><strong>Syriis,</strong></span> <span class='ocrx_word' id='word_1_35' title='bbox 2224 325 2273 366; x_wconf 90' lang='lat' dir='ltr'><strong>de</strong></span> 
     </span>
     <span class='ocr_line' id='line_1_6' title="bbox 124 381 2271 478; baseline 0 -57"><span class='ocrx_word' id='word_1_36' title='bbox 124 382 236 478; x_wconf 63' lang='lat' dir='ltr'><strong>{yria</strong></span> <span class='ocrx_word' id='word_1_37' title='bbox 267 382 405 422; x_wconf 89' lang='lat' dir='ltr'><strong>allatis.</strong></span> <span class='ocrx_word' id='word_1_38' title='bbox 474 381 673 426; x_wconf 75' lang='lat' dir='ltr'><strong>Volemoe&#39;s,</strong></span> <span class='ocrx_word' id='word_1_39' title='bbox 704 382 766 422; x_wconf 88' lang='lat' dir='ltr'><strong>vel</strong></span> <span class='ocrx_word' id='word_1_40' title='bbox 797 382 961 431; x_wconf 81' lang='lat' dir='ltr'><strong>volemi3</strong></span> <span class='ocrx_word' id='word_1_41' title='bbox 991 382 1170 422; x_wconf 82' lang='lat' dir='ltr'><strong>volemae</strong></span> <span class='ocrx_word' id='word_1_42' title='bbox 1199 383 1246 423; x_wconf 87' lang='lat' dir='ltr'><strong>ab</strong></span> <span class='ocrx_word' id='word_1_43' title='bbox 1277 395 1325 423; x_wconf 90' lang='lat' dir='ltr'><strong>eo</strong></span> <span class='ocrx_word' id='word_1_44' title='bbox 1358 382 1465 434; x_wconf 87' lang='lat' dir='ltr'><strong>quod</strong></span> <span class='ocrx_word' id='word_1_45' title='bbox 1494 383 1624 423; x_wconf 91' lang='lat' dir='ltr'><strong>volam</strong></span> <span class='ocrx_word' id='word_1_46' title='bbox 1652 383 1813 435; x_wconf 88' lang='lat' dir='ltr'><strong>implent</strong></span> <span class='ocrx_word' id='word_1_47' title='bbox 1840 383 1990 433; x_wconf 87' lang='lat' dir='ltr'><strong>dictae,</strong></span> <span class='ocrx_word' id='word_1_48' title='bbox 2021 383 2060 423; x_wconf 91' lang='lat' dir='ltr'><strong>id</strong></span> <span class='ocrx_word' id='word_1_49' title='bbox 2092 386 2153 422; x_wconf 90' lang='lat' dir='ltr'><strong>est</strong></span> <span class='ocrx_word' id='word_1_50' title='bbox 2179 393 2271 422; x_wconf 89' lang='lat' dir='ltr'><strong>me-</strong></span> 
     </span>
    </p>

    <p class='ocr_par' dir='ltr' id='par_1_5' title="bbox 151 449 430 478">
     <span class='ocr_line' id='line_1_7' title="bbox 151 449 430 478; baseline -0.007 0"><span class='ocrx_word' id='word_1_51' title='bbox 151 450 228 478; x_wconf 80' lang='lat' dir='ltr'><strong>iam</strong></span> <span class='ocrx_word' id='word_1_52' title='bbox 258 449 430 477; x_wconf 88' lang='lat' dir='ltr'><strong>manum.</strong></span> 
     </span>
    </p>

    <p class='ocr_par' dir='ltr' id='par_1_6' title="bbox 123 490 2273 644">
     <span class='ocr_line' id='line_1_8' title="bbox 258 490 2273 547; baseline -0.001 -15"><span class='ocrx_word' id='word_1_53' title='bbox 258 493 325 533; x_wconf 90' lang='lat' dir='ltr'><strong>Vs.</strong></span> <span class='ocrx_word' id='word_1_54' title='bbox 357 491 421 546; x_wconf 90' lang='lat'><strong>90.</strong></span> <span class='ocrx_word' id='word_1_55' title='bbox 454 490 756 545; x_wconf 71' lang='lat' dir='ltr'><strong>Methymnaeo.</strong></span> <span class='ocrx_word' id='word_1_56' title='bbox 814 491 1108 544; x_wconf 59' lang='lat' dir='ltr'><strong>Methymnaffl)</strong></span> <span class='ocrx_word' id='word_1_57' title='bbox 1139 491 1321 546; x_wconf 90' lang='lat' dir='ltr'><strong>oppidum</strong></span> <span class='ocrx_word' id='word_1_58' title='bbox 1352 493 1459 545; x_wconf 88' lang='lat' dir='ltr'><strong>quod</strong></span> <span class='ocrx_word' id='word_1_59' title='bbox 1489 497 1550 533; x_wconf 89' lang='lat' dir='ltr'><strong>est</strong></span> <span class='ocrx_word' id='word_1_60' title='bbox 1579 494 1617 533; x_wconf 92' lang='lat' dir='ltr'><strong>in</strong></span> <span class='ocrx_word' id='word_1_61' title='bbox 1648 492 1775 533; x_wconf 90' lang='lat' dir='ltr'>Lesbo</span> <span class='ocrx_word' id='word_1_62' title='bbox 1804 492 1931 533; x_wconf 90' lang='lat' dir='ltr'><strong>insula</strong></span> <span class='ocrx_word' id='word_1_63' title='bbox 1944 495 2013 547; x_wconf 61' lang='lat' dir='ltr'><strong>⁵⁸)st</strong></span> <span class='ocrx_word' id='word_1_64' title='bbox 2042 492 2108 531; x_wconf 90' lang='lat' dir='ltr'><strong>ubi</strong></span> <span class='ocrx_word' id='word_1_65' title='bbox 2140 492 2273 533; x_wconf 86' lang='lat' dir='ltr'><strong>vinum</strong></span> 
     </span>
     <span class='ocr_line' id='line_1_9' title="bbox 124 544 2273 600; baseline -0.001 -13"><span class='ocrx_word' id='word_1_66' title='bbox 124 547 314 600; x_wconf 90' lang='lat' dir='ltr'><strong>optimum</strong></span> <span class='ocrx_word' id='word_1_67' title='bbox 344 547 531 588; x_wconf 90' lang='lat' dir='ltr'><strong>nascitur.</strong></span> <span class='ocrx_word' id='word_1_68' title='bbox 558 574 564 588; x_wconf 72' lang='lat'><strong>.</strong></span> <span class='ocrx_word' id='word_1_69' title='bbox 588 544 657 584; x_wconf 85' lang='lat' dir='ltr'><strong>De</strong></span> <span class='ocrx_word' id='word_1_70' title='bbox 681 546 882 598; x_wconf 77' lang='lat' dir='ltr'><strong>palmite,</strong></span> <span class='ocrx_word' id='word_1_71' title='bbox 915 547 963 587; x_wconf 90' lang='lat' dir='ltr'><strong>de</strong></span> <span class='ocrx_word' id='word_1_72' title='bbox 994 548 1083 588; x_wconf 78' lang='lat' dir='ltr'><strong>vite.</strong></span> <span class='ocrx_word' id='word_1_73' title='bbox 1115 571 1166 577; x_wconf 82' lang='lat'>—</span> <span class='ocrx_word' id='word_1_74' title='bbox 1197 546 1352 586; x_wconf 83' lang='lat' dir='ltr'><em>Lesbos</em></span> <span class='ocrx_word' id='word_1_75' title='bbox 1376 549 1526 599; x_wconf 86' lang='lat' dir='ltr'><strong>insula,</strong></span> <span class='ocrx_word' id='word_1_76' title='bbox 1559 549 1670 589; x_wconf 90' lang='lat' dir='ltr'><strong>cuius</strong></span> <span class='ocrx_word' id='word_1_77' title='bbox 1701 548 1835 589; x_wconf 88' lang='lat' dir='ltr'><strong>civitas</strong></span> <span class='ocrx_word' id='word_1_78' title='bbox 1856 547 2093 600; x_wconf 84' lang='lat' dir='ltr'><strong>Methymna,</strong></span> <span class='ocrx_word' id='word_1_79' title='bbox 2125 546 2273 587; x_wconf 89' lang='lat' dir='ltr'><strong>habens</strong></span> 
     </span>
     <span class='ocr_line' id='line_1_10' title="bbox 123 603 496 644; baseline -0.008 -1"><span class='ocrx_word' id='word_1_80' title='bbox 123 604 258 644; x_wconf 88' lang='lat' dir='ltr'><strong>vinum</strong></span> <span class='ocrx_word' id='word_1_81' title='bbox 291 615 313 643; x_wconf 91' lang='grc'><strong>0</strong></span> <span class='ocrx_word' id='word_1_82' title='bbox 345 603 496 643; x_wconf 90' lang='lat' dir='ltr'><strong>timum.</strong></span> 
     </span>
    </p>

    <p class='ocr_par' dir='ltr' id='par_1_7' title="bbox 124 615 2272 766">
     <span class='ocr_line' id='line_1_11' title="bbox 259 615 2272 712; baseline 0.001 -16"><span class='ocrx_word' id='word_1_83' title='bbox 259 615 339 697; x_wconf 87' lang='lat' dir='ltr'><strong>Vs.p</strong></span> <span class='ocrx_word' id='word_1_84' title='bbox 357 655 423 697; x_wconf 87' lang='lat'><strong>91.</strong></span> <span class='ocrx_word' id='word_1_85' title='bbox 485 654 685 702; x_wconf 78' lang='lat' dir='ltr'><strong>Thasiae,</strong></span> <span class='ocrx_word' id='word_1_86' title='bbox 717 657 764 696; x_wconf 89' lang='lat' dir='ltr'><strong>ab</strong></span> <span class='ocrx_word' id='word_1_87' title='bbox 783 657 911 697; x_wconf 85' lang='lat' dir='ltr'><strong>insula</strong></span> <span class='ocrx_word' id='word_1_88' title='bbox 933 655 1121 696; x_wconf 82' lang='lat' dir='ltr'><strong>Graeciae</strong></span> <span class='ocrx_word' id='word_1_89' title='bbox 1149 656 1291 699; x_wconf 91' lang='lat' dir='ltr'><strong>Thaso.</strong></span> <span class='ocrx_word' id='word_1_90' title='bbox 1332 658 1416 698; x_wconf 87' lang='lat' dir='ltr'><strong>Hoc</strong></span> <span class='ocrx_word' id='word_1_91' title='bbox 1436 670 1557 699; x_wconf 83' lang='lat' dir='ltr'><strong>versu</strong></span> <span class='ocrx_word' id='word_1_92' title='bbox 1587 659 1784 712; x_wconf 81' lang='lat' dir='ltr'><strong>quarta⁵⁹)</strong></span> <span class='ocrx_word' id='word_1_93' title='bbox 1805 658 1972 698; x_wconf 82' lang='lat' dir='ltr'><strong>varietas</strong></span> <span class='ocrx_word' id='word_1_94' title='bbox 1994 662 2066 699; x_wconf 89' lang='lat' dir='ltr'><strong>est.</strong></span> <span class='ocrx_word' id='word_1_95' title='bbox 2098 683 2145 688; x_wconf 91' lang='lat'>-</span> <span class='ocrx_word' id='word_1_96' title='bbox 2181 655 2272 694; x_wconf 80' lang='grc' dir='ltr'><strong>Μα-</strong></span> 
     </span>
     <span class='ocr_line' id='line_1_12' title="bbox 124 710 1540 766; baseline 0.004 -17"><span class='ocrx_word' id='word_1_97' title='bbox 124 711 331 760; x_wconf 81' lang='lat' dir='ltr'><strong>reotides,</strong></span> <span class='ocrx_word' id='word_1_98' title='bbox 360 711 410 752; x_wconf 92' lang='lat' dir='ltr'><strong>de</strong></span> <span class='ocrx_word' id='word_1_99' title='bbox 439 712 529 752; x_wconf 90' lang='lat' dir='ltr'><strong>loco</strong></span> <span class='ocrx_word' id='word_1_100' title='bbox 560 717 597 752; x_wconf 83' lang='lat' dir='ltr'><strong>et</strong></span> <span class='ocrx_word' id='word_1_101' title='bbox 626 713 791 766; x_wconf 85' lang='lat' dir='ltr'><strong>regione</strong></span> <span class='ocrx_word' id='word_1_102' title='bbox 819 713 858 752; x_wconf 94' lang='lat' dir='ltr'><strong>in</strong></span> <span class='ocrx_word' id='word_1_103' title='bbox 888 711 1085 764; x_wconf 84' lang='lat' dir='ltr'><strong>Aegypto.</strong></span> <span class='ocrx_word' id='word_1_104' title='bbox 1144 710 1278 751; x_wconf 82' lang='lat' dir='ltr'><strong>Albae</strong></span> <span class='ocrx_word' id='word_1_105' title='bbox 1306 725 1540 766; x_wconf 68' lang='lat' dir='ltr'><strong>purpureae.</strong></span> 
     </span>
    </p>

    <p class='ocr_par' dir='ltr' id='par_1_8' title="bbox 123 765 2272 933">
     <span class='ocr_line' id='line_1_13' title="bbox 255 765 2272 822; baseline -0 -16"><span class='ocrx_word' id='word_1_106' title='bbox 255 767 323 806; x_wconf 89' lang='lat' dir='ltr'><strong>Vs.</strong></span> <span class='ocrx_word' id='word_1_107' title='bbox 354 765 420 808; x_wconf 84' lang='lat'><strong>93.</strong></span> <span class='ocrx_word' id='word_1_108' title='bbox 480 765 542 806; x_wconf 86' lang='lat' dir='ltr'><strong>Et</strong></span> <span class='ocrx_word' id='word_1_109' title='bbox 567 780 711 818; x_wconf 83' lang='lat' dir='ltr'><strong>passo.</strong></span> <span class='ocrx_word' id='word_1_110' title='bbox 769 767 840 807; x_wconf 91' lang='lat' dir='ltr'><strong>Hic</strong></span> <span class='ocrx_word' id='word_1_111' title='bbox 870 767 1062 816; x_wconf 84' lang='lat' dir='ltr'><strong>ostendit,</strong></span> <span class='ocrx_word' id='word_1_112' title='bbox 1094 767 1144 807; x_wconf 89' lang='lat' dir='ltr'><strong>de</strong></span> <span class='ocrx_word' id='word_1_113' title='bbox 1174 768 1248 809; x_wconf 88' lang='lat' dir='ltr'><strong>alia</strong></span> <span class='ocrx_word' id='word_1_114' title='bbox 1275 782 1350 809; x_wconf 88' lang='lat' dir='ltr'><strong>uva</strong></span> <span class='ocrx_word' id='word_1_115' title='bbox 1364 771 1421 817; x_wconf 77' lang='lat'><strong>⁶⁰)</strong></span> <span class='ocrx_word' id='word_1_116' title='bbox 1453 781 1572 822; x_wconf 91' lang='lat' dir='ltr'><strong>posse</strong></span> <span class='ocrx_word' id='word_1_117' title='bbox 1602 779 1763 822; x_wconf 90' lang='lat' dir='ltr'><strong>passum</strong></span> <span class='ocrx_word' id='word_1_118' title='bbox 1790 766 1956 816; x_wconf 79' lang='lat' dir='ltr'><strong>fieri⁶¹).</strong></span> <span class='ocrx_word' id='word_1_119' title='bbox 1987 790 2039 798; x_wconf 90' lang='lat'><strong>—-</strong></span> <span class='ocrx_word' id='word_1_120' title='bbox 2077 766 2272 819; x_wconf 67' lang='grc' dir='ltr'><strong>ΡεῃίΙιὶα,</strong></span> 
     </span>
     <span class='ocr_line' id='line_1_14' title="bbox 123 819 2272 877; baseline 0 -15"><span class='ocrx_word' id='word_1_121' title='bbox 123 821 401 863; x_wconf 71' lang='lat' dir='ltr'><strong>insula-«Creta.</strong></span> <span class='ocrx_word' id='word_1_122' title='bbox 465 819 645 867; x_wconf 83' lang='lat' dir='ltr'><strong>Tenues,</strong></span> <span class='ocrx_word' id='word_1_123' title='bbox 677 822 838 872; x_wconf 85' lang='lat' dir='ltr'><strong>molles,</strong></span> <span class='ocrx_word' id='word_1_124' title='bbox 867 822 1141 875; x_wconf 84' lang='lat' dir='ltr'><strong>penetrabiles.</strong></span> <span class='ocrx_word' id='word_1_125' title='bbox 1200 821 1387 875; x_wconf 77' lang='lat' dir='ltr'><strong>Layeos,</strong></span> <span class='ocrx_word' id='word_1_126' title='bbox 1417 825 1483 876; x_wconf 88' lang='lat' dir='ltr'><strong>qui</strong></span> <span class='ocrx_word' id='word_1_127' title='bbox 1514 825 1632 865; x_wconf 88' lang='lat' dir='ltr'><strong>latine</strong></span> <span class='ocrx_word' id='word_1_128' title='bbox 1654 823 1838 877; x_wconf 89' lang='lat' dir='ltr'><strong>leporarii</strong></span> <span class='ocrx_word' id='word_1_129' title='bbox 1870 823 2064 863; x_wconf 90' lang='lat' dir='ltr'><strong>dicuntur.</strong></span> <span class='ocrx_word' id='word_1_130' title='bbox 2116 822 2272 861; x_wconf 79' lang='lat' dir='ltr'><strong>Tenues</strong></span> 
     </span>
     <span class='ocr_line' id='line_1_15' title="bbox 124 877 2217 933; baseline 0.001 -15"><span class='ocrx_word' id='word_1_131' title='bbox 124 877 188 918; x_wconf 89' lang='lat' dir='ltr'><strong>vel</strong></span> <span class='ocrx_word' id='word_1_132' title='bbox 218 879 483 918; x_wconf 84' lang='lat' dir='ltr'><strong>maturitatem</strong></span> <span class='ocrx_word' id='word_1_133' title='bbox 515 882 648 927; x_wconf 85' lang='lat' dir='ltr'><strong>curat,</strong></span> <span class='ocrx_word' id='word_1_134' title='bbox 682 878 744 918; x_wconf 89' lang='lat' dir='ltr'><strong>vel</strong></span> <span class='ocrx_word' id='word_1_135' title='bbox 773 878 878 928; x_wconf 86' lang='lat' dir='ltr'><strong>quod</strong></span> <span class='ocrx_word' id='word_1_136' title='bbox 909 883 1028 918; x_wconf 89' lang='lat' dir='ltr'><strong>tenue</strong></span> <span class='ocrx_word' id='word_1_137' title='bbox 1058 883 1096 918; x_wconf 90' lang='lat' dir='ltr'><strong>et</strong></span> <span class='ocrx_word' id='word_1_138' title='bbox 1125 879 1271 931; x_wconf 85' lang='lat' dir='ltr'><strong>gracile</strong></span> <span class='ocrx_word' id='word_1_139' title='bbox 1298 879 1392 921; x_wconf 88' lang='lat' dir='ltr'><strong>facit</strong></span> <span class='ocrx_word' id='word_1_140' title='bbox 1421 881 1633 928; x_wconf 76' lang='lat' dir='ltr'><strong>vinum02).</strong></span> <span class='ocrx_word' id='word_1_141' title='bbox 2208 926 2217 933; x_wconf 53' lang='grc'><strong><em>,</em></strong></span> 
     </span>
    </p>

    <p class='ocr_par' dir='ltr' id='par_1_9' title="bbox 123 930 2272 1095">
     <span class='ocr_line' id='line_1_16' title="bbox 257 930 2272 985; baseline 0 -13"><span class='ocrx_word' id='word_1_142' title='bbox 257 933 324 972; x_wconf 92' lang='lat' dir='ltr'><strong>Vs.</strong></span> <span class='ocrx_word' id='word_1_143' title='bbox 357 931 422 973; x_wconf 72' lang='lat'><strong>94.</strong></span> <span class='ocrx_word' id='word_1_144' title='bbox 488 930 726 984; x_wconf 79' lang='lat' dir='ltr'><strong>Templum,</strong></span> <span class='ocrx_word' id='word_1_145' title='bbox 755 932 866 983; x_wconf 83' lang='lat' dir='ltr'><strong>dicit,</strong></span> <span class='ocrx_word' id='word_1_146' title='bbox 894 932 1011 972; x_wconf 91' lang='lat' dir='ltr'><strong>facile</strong></span> <span class='ocrx_word' id='word_1_147' title='bbox 1043 932 1092 972; x_wconf 92' lang='lat' dir='ltr'><strong>de</strong></span> <span class='ocrx_word' id='word_1_148' title='bbox 1122 934 1205 973; x_wconf 91' lang='lat' dir='ltr'><strong>eius</strong></span> <span class='ocrx_word' id='word_1_149' title='bbox 1235 934 1325 974; x_wconf 90' lang='lat' dir='ltr'><strong>vino</strong></span> <span class='ocrx_word' id='word_1_150' title='bbox 1355 935 1552 975; x_wconf 89' lang='lat' dir='ltr'><strong>hominem</strong></span> <span class='ocrx_word' id='word_1_151' title='bbox 1581 934 1827 982; x_wconf 71' lang='lat' dir='ltr'><strong>inebriari⁶³)</strong></span> <span class='ocrx_word' id='word_1_152' title='bbox 1859 945 1991 985; x_wconf 90' lang='lat' dir='ltr'><strong>posse.</strong></span> <span class='ocrx_word' id='word_1_153' title='bbox 2055 932 2166 973; x_wconf 82' lang='lat' dir='ltr'><strong>Olim</strong></span> <span class='ocrx_word' id='word_1_154' title='bbox 2195 932 2272 972; x_wconf 87' lang='lat' dir='ltr'><strong>ad-</strong></span> 
     </span>
     <span class='ocr_line' id='line_1_17' title="bbox 125 986 2272 1043; baseline 0.001 -17"><span class='ocrx_word' id='word_1_155' title='bbox 125 986 301 1027; x_wconf 89' lang='lat' dir='ltr'><strong>verbium</strong></span> <span class='ocrx_word' id='word_1_156' title='bbox 332 988 540 1029; x_wconf 88' lang='lat' dir='ltr'><strong>cuiuslibet</strong></span> <span class='ocrx_word' id='word_1_157' title='bbox 570 989 756 1040; x_wconf 88' lang='lat' dir='ltr'><strong>temporis</strong></span> <span class='ocrx_word' id='word_1_158' title='bbox 769 991 839 1036; x_wconf 66' lang='grc' dir='ltr'><strong>Μ).</strong></span> <span class='ocrx_word' id='word_1_159' title='bbox 904 986 1174 1038; x_wconf 80' lang='lat' dir='ltr'><strong>Temptatura</strong></span> <span class='ocrx_word' id='word_1_160' title='bbox 1205 994 1243 1029; x_wconf 89' lang='lat' dir='ltr'><strong>et</strong></span> <span class='ocrx_word' id='word_1_161' title='bbox 1271 990 1434 1042; x_wconf 88' lang='lat' dir='ltr'><strong>reliqua.</strong></span> <span class='ocrx_word' id='word_1_162' title='bbox 1491 990 1572 1032; x_wconf 92' lang='lat' dir='ltr'><strong>Hos</strong></span> <span class='ocrx_word' id='word_1_163' title='bbox 1593 1001 1733 1031; x_wconf 87' lang='lat' dir='ltr'><strong>versus</strong></span> <span class='ocrx_word' id='word_1_164' title='bbox 1764 989 1814 1029; x_wconf 91' lang='lat' dir='ltr'><strong>de</strong></span> <span class='ocrx_word' id='word_1_165' title='bbox 1834 991 1965 1028; x_wconf 76' lang='lat' dir='ltr'><strong>CALvo</strong></span> <span class='ocrx_word' id='word_1_166' title='bbox 1994 993 2109 1043; x_wconf 90' lang='lat' dir='ltr'><strong>poeta</strong></span> <span class='ocrx_word' id='word_1_167' title='bbox 2136 994 2272 1030; x_wconf 88' lang='lat' dir='ltr'><strong>trans-</strong></span> 
     </span>
     <span class='ocr_line' id='line_1_18' title="bbox 123 1042 1401 1095; baseline 0.001 -13"><span class='ocrx_word' id='word_1_168' title='bbox 123 1042 234 1092; x_wconf 85' lang='lat' dir='ltr'><strong>tulit;</strong></span> <span class='ocrx_word' id='word_1_169' title='bbox 266 1042 319 1083; x_wconf 88' lang='lat' dir='ltr'><strong>ait</strong></span> <span class='ocrx_word' id='word_1_170' title='bbox 348 1043 451 1082; x_wconf 88' lang='lat' dir='ltr'><strong>enim</strong></span> <span class='ocrx_word' id='word_1_171' title='bbox 480 1043 566 1082; x_wconf 85' lang='lat' dir='ltr'><strong>ille:</strong></span> <span class='ocrx_word' id='word_1_172' title='bbox 613 1043 761 1095; x_wconf 69' lang='lat' dir='ltr'><strong>linqua</strong></span> <span class='ocrx_word' id='word_1_173' title='bbox 785 1043 880 1081; x_wconf 80' lang='lat' dir='ltr'><strong>cino</strong></span> <span class='ocrx_word' id='word_1_174' title='bbox 910 1047 1166 1093; x_wconf 80' lang='lat' dir='ltr'><strong>temptantur</strong></span> <span class='ocrx_word' id='word_1_175' title='bbox 1195 1049 1234 1083; x_wconf 89' lang='lat' dir='ltr'><strong>et</strong></span> <span class='ocrx_word' id='word_1_176' title='bbox 1258 1045 1401 1095; x_wconf 86' lang='lat' dir='ltr'><strong>pedes.</strong></span> 
     </span>
    </p>

    <p class='ocr_par' dir='ltr' id='par_1_10' title="bbox 257 1095 2273 1153">
     <span class='ocr_line' id='line_1_19' title="bbox 257 1095 2273 1153; baseline 0 -16"><span class='ocrx_word' id='word_1_177' title='bbox 257 1097 324 1137; x_wconf 89' lang='lat' dir='ltr'><strong>Vs.</strong></span> <span class='ocrx_word' id='word_1_178' title='bbox 355 1095 421 1138; x_wconf 83' lang='lat'><strong>95.</strong></span> <span class='ocrx_word' id='word_1_179' title='bbox 479 1096 738 1149; x_wconf 80' lang='lat' dir='ltr'><strong>Purpureae,</strong></span> <span class='ocrx_word' id='word_1_180' title='bbox 759 1098 1016 1146; x_wconf 64' lang='grc' dir='ltr'><strong>1111000110θὸ)</strong></span> <span class='ocrx_word' id='word_1_181' title='bbox 1041 1103 1319 1140; x_wconf 87' lang='lat' dir='ltr'><strong>maturescunt.</strong></span> <span class='ocrx_word' id='word_1_182' title='bbox 1357 1099 1617 1152; x_wconf 80' lang='lat' dir='ltr'><strong>Purpureae,</strong></span> <span class='ocrx_word' id='word_1_183' title='bbox 1644 1111 1770 1153; x_wconf 87' lang='lat' dir='ltr'><strong>genus</strong></span> <span class='ocrx_word' id='word_1_184' title='bbox 1792 1112 1892 1139; x_wconf 90' lang='lat' dir='ltr'><strong>uvae</strong></span> <span class='ocrx_word' id='word_1_185' title='bbox 1911 1099 2096 1153; x_wconf 87' lang='lat' dir='ltr'><strong>purpurei</strong></span> <span class='ocrx_word' id='word_1_186' title='bbox 2115 1098 2273 1139; x_wconf 88' lang='lat' dir='ltr'><strong>coloris.</strong></span> 
     </span>
    </p>

    <p class='ocr_par' dir='ltr' id='par_1_11' title="bbox 124 1151 2274 1373">
     <span class='ocr_line' id='line_1_20' title="bbox 260 1151 2274 1207; baseline 0 -15"><span class='ocrx_word' id='word_1_187' title='bbox 260 1153 326 1192; x_wconf 90' lang='lat' dir='ltr'><strong>Vs.</strong></span> <span class='ocrx_word' id='word_1_188' title='bbox 359 1151 425 1194; x_wconf 88' lang='grc'><strong>96.</strong></span> <span class='ocrx_word' id='word_1_189' title='bbox 485 1152 692 1192; x_wconf 75' lang='lat' dir='ltr'><strong>Rhaetica</strong></span> <span class='ocrx_word' id='word_1_190' title='bbox 704 1157 786 1201; x_wconf 80' lang='lat'><strong>⁶⁶),</strong></span> <span class='ocrx_word' id='word_1_191' title='bbox 819 1166 841 1193; x_wconf 88' lang='grc'><strong>3</strong></span> <span class='ocrx_word' id='word_1_192' title='bbox 865 1155 1050 1207; x_wconf 84' lang='lat' dir='ltr'><strong>regione,</strong></span> <span class='ocrx_word' id='word_1_193' title='bbox 1081 1153 1119 1194; x_wconf 87' lang='lat' dir='ltr'><strong>id</strong></span> <span class='ocrx_word' id='word_1_194' title='bbox 1140 1159 1200 1194; x_wconf 88' lang='lat' dir='ltr'><strong>est</strong></span> <span class='ocrx_word' id='word_1_195' title='bbox 1219 1154 1371 1207; x_wconf 90' lang='lat' dir='ltr'><strong>ltaliae,</strong></span> <span class='ocrx_word' id='word_1_196' title='bbox 1403 1156 1564 1196; x_wconf 87' lang='lat' dir='ltr'><strong>Rhaetia</strong></span> <span class='ocrx_word' id='word_1_197' title='bbox 1584 1156 1723 1196; x_wconf 84' lang='lat' dir='ltr'><strong>dictae.</strong></span> <span class='ocrx_word' id='word_1_198' title='bbox 1777 1153 2007 1198; x_wconf 76' lang='lat' dir='ltr'><strong>Rhaetica,</strong></span> <span class='ocrx_word' id='word_1_199' title='bbox 2037 1155 2138 1200; x_wconf 86' lang='lat' dir='ltr'><strong>hanc</strong></span> <span class='ocrx_word' id='word_1_200' title='bbox 2156 1154 2274 1193; x_wconf 86' lang='lat' dir='ltr'><strong>vitem</strong></span> 
     </span>
     <span class='ocr_line' id='line_1_21' title="bbox 125 1206 2273 1264; baseline 0 -16"><span class='ocrx_word' id='word_1_201' title='bbox 125 1206 224 1248; x_wconf 88' lang='lat' dir='ltr'><strong>Cato</strong></span> <span class='ocrx_word' id='word_1_202' title='bbox 254 1208 464 1260; x_wconf 86' lang='lat' dir='ltr'><strong>praecipue</strong></span> <span class='ocrx_word' id='word_1_203' title='bbox 492 1208 648 1257; x_wconf 87' lang='lat' dir='ltr'><strong>laudat,</strong></span> <span class='ocrx_word' id='word_1_204' title='bbox 680 1209 770 1250; x_wconf 87' lang='lat' dir='ltr'><strong>licet</strong></span> <span class='ocrx_word' id='word_1_205' title='bbox 799 1209 878 1249; x_wconf 91' lang='lat' dir='ltr'><strong>sint</strong></span> <span class='ocrx_word' id='word_1_206' title='bbox 905 1210 1062 1262; x_wconf 86' lang='lat' dir='ltr'><strong>optima,</strong></span> <span class='ocrx_word' id='word_1_207' title='bbox 1094 1213 1222 1249; x_wconf 89' lang='lat' dir='ltr'><strong>tamen</strong></span> <span class='ocrx_word' id='word_1_208' title='bbox 1242 1216 1542 1264; x_wconf 89' lang='lat' dir='ltr'><strong>postponuntur.</strong></span> <span class='ocrx_word' id='word_1_209' title='bbox 1600 1210 1816 1254; x_wconf 78' lang='lat' dir='ltr'><strong>Falernis,</strong></span> <span class='ocrx_word' id='word_1_210' title='bbox 1846 1210 1923 1250; x_wconf 93' lang='lat' dir='ltr'><strong>hoc</strong></span> <span class='ocrx_word' id='word_1_211' title='bbox 1944 1215 2005 1250; x_wconf 85' lang='lat' dir='ltr'><strong>est</strong></span> <span class='ocrx_word' id='word_1_212' title='bbox 2033 1211 2125 1251; x_wconf 85' lang='lat' dir='ltr'><strong>vino</strong></span> <span class='ocrx_word' id='word_1_213' title='bbox 2151 1208 2273 1248; x_wconf 87' lang='lat' dir='ltr'><strong>Cam-</strong></span> 
     </span>
     <span class='ocr_line' id='line_1_22' title="bbox 124 1262 2273 1316; baseline 0 -14"><span class='ocrx_word' id='word_1_214' title='bbox 124 1274 227 1315; x_wconf 92' lang='lat' dir='ltr'><strong>pano</strong></span> <span class='ocrx_word' id='word_1_215' title='bbox 258 1275 337 1303; x_wconf 94' lang='lat' dir='ltr'><strong>non</strong></span> <span class='ocrx_word' id='word_1_216' title='bbox 363 1263 676 1316; x_wconf 81' lang='lat' dir='ltr'><strong>praeferendum.</strong></span> <span class='ocrx_word' id='word_1_217' title='bbox 698 1287 751 1292; x_wconf 88' lang='lat'><strong>-—</strong></span> <span class='ocrx_word' id='word_1_218' title='bbox 786 1262 936 1308; x_wconf 76' lang='lat' dir='ltr'><strong>Celtis,</strong></span> <span class='ocrx_word' id='word_1_219' title='bbox 968 1265 1033 1305; x_wconf 93' lang='lat' dir='ltr'><strong>ubi</strong></span> <span class='ocrx_word' id='word_1_220' title='bbox 1062 1264 1151 1305; x_wconf 90' lang='lat' dir='ltr'><strong>vina</strong></span> <span class='ocrx_word' id='word_1_221' title='bbox 1182 1265 1403 1307; x_wconf 92' lang='lat' dir='ltr'><strong>conduntur</strong></span> <span class='ocrx_word' id='word_1_222' title='bbox 1431 1267 1552 1308; x_wconf 88' lang='lat' dir='ltr'><strong>cellae</strong></span> <span class='ocrx_word' id='word_1_223' title='bbox 1572 1265 1765 1307; x_wconf 82' lang='lat' dir='ltr'><strong>dicuntur.</strong></span> <span class='ocrx_word' id='word_1_224' title='bbox 1823 1263 2038 1310; x_wconf 79' lang='lat' dir='ltr'><strong>Falernis,</strong></span> <span class='ocrx_word' id='word_1_225' title='bbox 2069 1264 2273 1307; x_wconf 85' lang='lat' dir='ltr'><strong>Falernum</strong></span> 
     </span>
     <span class='ocr_line' id='line_1_23' title="bbox 126 1317 1585 1373; baseline 0.001 -15"><span class='ocrx_word' id='word_1_226' title='bbox 126 1317 384 1372; x_wconf 80' lang='lat' dir='ltr'><strong>Campaniae,</strong></span> <span class='ocrx_word' id='word_1_227' title='bbox 415 1319 453 1358; x_wconf 91' lang='lat' dir='ltr'><strong>in</strong></span> <span class='ocrx_word' id='word_1_228' title='bbox 484 1331 562 1370; x_wconf 90' lang='lat' dir='ltr'><strong>quo</strong></span> <span class='ocrx_word' id='word_1_229' title='bbox 592 1321 682 1359; x_wconf 78' lang='lat' dir='ltr'><strong>vina</strong></span> <span class='ocrx_word' id='word_1_230' title='bbox 712 1320 857 1373; x_wconf 90' lang='lat' dir='ltr'><strong>optima</strong></span> <span class='ocrx_word' id='word_1_231' title='bbox 886 1324 1114 1360; x_wconf 88' lang='lat' dir='ltr'><strong>nascuntur.</strong></span> <span class='ocrx_word' id='word_1_232' title='bbox 1207 1328 1210 1333; x_wconf 88' lang='lat'>&#39;</span> <span class='ocrx_word' id='word_1_233' title='bbox 1574 1318 1585 1323; x_wconf 68' lang='grc'><em>”</em></span> 
     </span>
    </p>

    <p class='ocr_par' dir='ltr' id='par_1_12' title="bbox 125 1371 2272 1486">
     <span class='ocr_line' id='line_1_24' title="bbox 258 1371 2272 1431; baseline 0 -19"><span class='ocrx_word' id='word_1_234' title='bbox 258 1373 326 1412; x_wconf 92' lang='lat' dir='ltr'><strong>Vs.</strong></span> <span class='ocrx_word' id='word_1_235' title='bbox 359 1371 424 1415; x_wconf 82' lang='lat'><strong>97.</strong></span> <span class='ocrx_word' id='word_1_236' title='bbox 483 1371 692 1418; x_wconf 80' lang='lat' dir='ltr'><strong>Amineae,</strong></span> <span class='ocrx_word' id='word_1_237' title='bbox 724 1375 917 1414; x_wconf 86' lang='lat' dir='ltr'><strong>amineum</strong></span> <span class='ocrx_word' id='word_1_238' title='bbox 929 1378 985 1419; x_wconf 67' lang='grc' dir='ltr'>θ’)</span> <span class='ocrx_word' id='word_1_239' title='bbox 1018 1375 1150 1414; x_wconf 84' lang='lat' dir='ltr'><strong>vinum</strong></span> <span class='ocrx_word' id='word_1_240' title='bbox 1181 1375 1335 1417; x_wconf 88' lang='lat' dir='ltr'><strong>diversa</strong></span> <span class='ocrx_word' id='word_1_241' title='bbox 1364 1378 1525 1431; x_wconf 88' lang='lat' dir='ltr'><strong>probat,</strong></span> <span class='ocrx_word' id='word_1_242' title='bbox 1552 1388 1643 1416; x_wconf 91' lang='lat' dir='ltr'><strong>nam</strong></span> <span class='ocrx_word' id='word_1_243' title='bbox 1668 1375 1811 1426; x_wconf 89' lang='lat' dir='ltr'><strong>album,</strong></span> <span class='ocrx_word' id='word_1_244' title='bbox 1833 1388 1923 1416; x_wconf 88' lang='lat' dir='ltr'><strong>narn</strong></span> <span class='ocrx_word' id='word_1_245' title='bbox 1944 1376 2137 1416; x_wconf 89' lang='lat' dir='ltr'><strong>amineum</strong></span> <span class='ocrx_word' id='word_1_246' title='bbox 2162 1375 2272 1426; x_wconf 89' lang='lat' dir='ltr'><strong>quasi</strong></span> 
     </span>
     <span class='ocr_line' id='line_1_25' title="bbox 125 1428 2272 1486; baseline -0.001 -17"><span class='ocrx_word' id='word_1_247' title='bbox 125 1428 211 1470; x_wconf 90' lang='lat' dir='ltr'><strong>sine</strong></span> <span class='ocrx_word' id='word_1_248' title='bbox 241 1428 359 1469; x_wconf 91' lang='lat' dir='ltr'><strong>minio</strong></span> <span class='ocrx_word' id='word_1_249' title='bbox 391 1428 557 1479; x_wconf 88' lang='lat' dir='ltr'><strong>dictum,</strong></span> <span class='ocrx_word' id='word_1_250' title='bbox 588 1430 625 1469; x_wconf 93' lang='lat' dir='ltr'><strong>id</strong></span> <span class='ocrx_word' id='word_1_251' title='bbox 657 1434 716 1469; x_wconf 91' lang='lat' dir='ltr'><strong>est</strong></span> <span class='ocrx_word' id='word_1_252' title='bbox 744 1432 830 1469; x_wconf 89' lang='lat' dir='ltr'><strong>sine</strong></span> <span class='ocrx_word' id='word_1_253' title='bbox 854 1430 1000 1470; x_wconf 91' lang='lat' dir='ltr'><strong>rubore</strong></span> <span class='ocrx_word' id='word_1_254' title='bbox 1011 1442 1023 1479; x_wconf 85' lang='lat'><em>3</em></span> <span class='ocrx_word' id='word_1_255' title='bbox 1050 1430 1111 1469; x_wconf 90' lang='lat' dir='ltr'><strong>vel</strong></span> <span class='ocrx_word' id='word_1_256' title='bbox 1138 1430 1326 1472; x_wconf 89' lang='lat' dir='ltr'><strong>Amineos</strong></span> <span class='ocrx_word' id='word_1_257' title='bbox 1355 1433 1542 1486; x_wconf 85' lang='lat' dir='ltr'><strong>Pelasgos</strong></span> <span class='ocrx_word' id='word_1_258' title='bbox 1572 1431 1697 1471; x_wconf 88' lang='lat' dir='ltr'><strong>fuisse</strong></span> <span class='ocrx_word' id='word_1_259' title='bbox 1726 1433 1863 1470; x_wconf 62' lang='lat' dir='ltr'><strong>Vanno</strong></span> <span class='ocrx_word' id='word_1_260' title='bbox 1894 1432 1969 1482; x_wconf 89' lang='lat' dir='ltr'><strong>ait,</strong></span> <span class='ocrx_word' id='word_1_261' title='bbox 2000 1431 2090 1472; x_wconf 88' lang='lat' dir='ltr'><strong>hinc</strong></span> <span class='ocrx_word' id='word_1_262' title='bbox 2109 1429 2156 1470; x_wconf 90' lang='lat' dir='ltr'><strong>ab</strong></span> <span class='ocrx_word' id='word_1_263' title='bbox 2175 1440 2272 1482; x_wconf 85' lang='lat' dir='ltr'><strong>agro</strong></span> 
     </span>
    </p>
   </div>
   <div class='ocr_carea' id='block_1_4' title="bbox 123 1482 2275 1648">
    <p class='ocr_par' dir='ltr' id='par_1_13' title="bbox 123 1482 2275 1648">
     <span class='ocr_line' id='line_1_26' title="bbox 124 1482 1786 1537; baseline 0.002 -14"><span class='ocrx_word' id='word_1_264' title='bbox 124 1482 291 1524; x_wconf 86' lang='lat' dir='ltr'><strong>Amineo</strong></span> <span class='ocrx_word' id='word_1_265' title='bbox 320 1484 422 1524; x_wconf 90' lang='lat' dir='ltr'><strong>hanc</strong></span> <span class='ocrx_word' id='word_1_266' title='bbox 452 1485 569 1524; x_wconf 85' lang='lat' dir='ltr'><strong>vitem</strong></span> <span class='ocrx_word' id='word_1_267' title='bbox 599 1485 827 1525; x_wconf 87' lang='lat' dir='ltr'><strong>translatam</strong></span> <span class='ocrx_word' id='word_1_268' title='bbox 855 1484 1000 1524; x_wconf 86' lang='lat' dir='ltr'><strong>dicunt.</strong></span> <span class='ocrx_word' id='word_1_269' title='bbox 1033 1508 1084 1513; x_wconf 93' lang='lat'><strong>—-</strong></span> <span class='ocrx_word' id='word_1_270' title='bbox 1114 1485 1392 1532; x_wconf 74' lang='lat' dir='ltr'><strong>Firmissime,</strong></span> <span class='ocrx_word' id='word_1_271' title='bbox 1422 1488 1584 1536; x_wconf 88' lang='lat' dir='ltr'><strong>diurna,</strong></span> <span class='ocrx_word' id='word_1_272' title='bbox 1616 1486 1786 1537; x_wconf 89' lang='lat' dir='ltr'><strong>antiqua.</strong></span> 
     </span>
     <span class='ocr_line' id='line_1_27' title="bbox 258 1537 2275 1595; baseline 0 -17"><span class='ocrx_word' id='word_1_273' title='bbox 258 1539 322 1578; x_wconf 90' lang='lat' dir='ltr'><strong>Vs.</strong></span> <span class='ocrx_word' id='word_1_274' title='bbox 354 1537 418 1580; x_wconf 86' lang='lat'><strong>98.</strong></span> <span class='ocrx_word' id='word_1_275' title='bbox 484 1537 689 1583; x_wconf 81' lang='lat' dir='ltr'><strong>Tmolius,</strong></span> <span class='ocrx_word' id='word_1_276' title='bbox 722 1539 868 1591; x_wconf 79' lang='lat' dir='ltr'><strong>Lydiae</strong></span> <span class='ocrx_word' id='word_1_277' title='bbox 898 1551 1024 1579; x_wconf 69' lang='lat' dir='ltr'><strong>mons„</strong></span> <span class='ocrx_word' id='word_1_278' title='bbox 1081 1540 1303 1582; x_wconf 89' lang='lat' dir='ltr'><strong>Notandum</strong></span> <span class='ocrx_word' id='word_1_279' title='bbox 1333 1543 1415 1593; x_wconf 92' lang='lat' dir='ltr'><strong>hic,</strong></span> <span class='ocrx_word' id='word_1_280' title='bbox 1457 1541 1564 1595; x_wconf 88' lang='lat' dir='ltr'><strong>quod</strong></span> <span class='ocrx_word' id='word_1_281' title='bbox 1594 1541 1726 1580; x_wconf 92' lang='lat' dir='ltr'><strong>vinum</strong></span> <span class='ocrx_word' id='word_1_282' title='bbox 1755 1541 1970 1581; x_wconf 89' lang='lat' dir='ltr'><strong>masculino</strong></span> <span class='ocrx_word' id='word_1_283' title='bbox 2003 1551 2152 1591; x_wconf 67' lang='lat' dir='ltr'><strong>genere</strong></span> <span class='ocrx_word' id='word_1_284' title='bbox 2181 1538 2275 1578; x_wconf 89' lang='lat' dir='ltr'><strong>dicit</strong></span> 
     </span>
     <span class='ocr_line' id='line_1_28' title="bbox 123 1593 2273 1648; baseline -0.001 -14"><span class='ocrx_word' id='word_1_285' title='bbox 123 1593 324 1644; x_wconf 85' lang='lat' dir='ltr'><strong>Tmolius,</strong></span> <span class='ocrx_word' id='word_1_286' title='bbox 354 1606 428 1634; x_wconf 89' lang='lat' dir='ltr'><strong>nec</strong></span> <span class='ocrx_word' id='word_1_287' title='bbox 456 1594 650 1634; x_wconf 89' lang='lat' dir='ltr'><strong>immerito</strong></span> <span class='ocrx_word' id='word_1_288' title='bbox 682 1595 865 1646; x_wconf 87' lang='lat' dir='ltr'><strong>quoniam</strong></span> <span class='ocrx_word' id='word_1_289' title='bbox 895 1598 935 1634; x_wconf 92' lang='lat' dir='ltr'><strong>et</strong></span> <span class='ocrx_word' id='word_1_290' title='bbox 963 1594 1066 1646; x_wconf 90' lang='lat' dir='ltr'><strong>apud</strong></span> <span class='ocrx_word' id='word_1_291' title='bbox 1103 1598 1320 1636; x_wconf 78' lang='lat' dir='ltr'><strong>AFRANIUM</strong></span> <span class='ocrx_word' id='word_1_292' title='bbox 1332 1601 1388 1645; x_wconf 76' lang='lat'><strong>⁶⁸)</strong></span> <span class='ocrx_word' id='word_1_293' title='bbox 1418 1598 1458 1636; x_wconf 93' lang='lat' dir='ltr'><strong>in</strong></span> <span class='ocrx_word' id='word_1_294' title='bbox 1488 1596 1635 1648; x_wconf 84' lang='lat' dir='ltr'><strong>satyria</strong></span> <span class='ocrx_word' id='word_1_295' title='bbox 1664 1596 1872 1636; x_wconf 74' lang='lat' dir='ltr'><strong>invenitur.</strong></span> <span class='ocrx_word' id='word_1_296' title='bbox 1900 1618 1954 1624; x_wconf 90' lang='lat'><strong>—-</strong></span> <span class='ocrx_word' id='word_1_297' title='bbox 1991 1593 2172 1633; x_wconf 80' lang='lat' dir='ltr'><strong>Tmolius</strong></span> <span class='ocrx_word' id='word_1_298' title='bbox 2203 1593 2273 1631; x_wconf 83' lang='lat' dir='ltr'><strong>ud-</strong></span> 
     </span>
    </p>
   </div>
   <div class='ocr_carea' id='block_1_5' title="bbox 122 1648 2274 2366">
    <p class='ocr_par' dir='ltr' id='par_1_14' title="bbox 122 1648 2274 1864">
     <span class='ocr_line' id='line_1_29' title="bbox 125 1648 2274 1703; baseline 0 -15"><span class='ocrx_word' id='word_1_299' title='bbox 125 1653 267 1701; x_wconf 72' lang='lat' dir='ltr'><strong>suryet</strong></span> <span class='ocrx_word' id='word_1_300' title='bbox 297 1653 336 1689; x_wconf 90' lang='lat' dir='ltr'><strong>et</strong></span> <span class='ocrx_word' id='word_1_301' title='bbox 363 1649 526 1701; x_wconf 91' lang='lat' dir='ltr'><strong>reliqua.</strong></span> <span class='ocrx_word' id='word_1_302' title='bbox 585 1649 740 1703; x_wconf 82' lang='lat' dir='ltr'><strong>Duplex</strong></span> <span class='ocrx_word' id='word_1_303' title='bbox 768 1654 829 1689; x_wconf 88' lang='lat' dir='ltr'><strong>est</strong></span> <span class='ocrx_word' id='word_1_304' title='bbox 849 1650 1064 1702; x_wconf 82' lang='lat' dir='ltr'><strong>expositio,</strong></span> <span class='ocrx_word' id='word_1_305' title='bbox 1095 1662 1184 1691; x_wconf 90' lang='lat' dir='ltr'><strong>nam</strong></span> <span class='ocrx_word' id='word_1_306' title='bbox 1204 1652 1268 1691; x_wconf 87' lang='lat' dir='ltr'><strong>alii</strong></span> <span class='ocrx_word' id='word_1_307' title='bbox 1298 1653 1434 1693; x_wconf 82' lang='lat' dir='ltr'><strong>volunt</strong></span> <span class='ocrx_word' id='word_1_308' title='bbox 1456 1653 1542 1692; x_wconf 91' lang='lat' dir='ltr'><strong>sine</strong></span> <span class='ocrx_word' id='word_1_309' title='bbox 1561 1651 1654 1692; x_wconf 84' lang='lat' dir='ltr'><strong>vitio</strong></span> <span class='ocrx_word' id='word_1_310' title='bbox 1665 1653 1744 1699; x_wconf 78' lang='lat'><strong>⁰⁹),</strong></span> <span class='ocrx_word' id='word_1_311' title='bbox 1777 1651 1842 1690; x_wconf 90' lang='lat' dir='ltr'><strong>alii</strong></span> <span class='ocrx_word' id='word_1_312' title='bbox 1871 1650 1919 1691; x_wconf 83' lang='lat' dir='ltr'><strong>ad</strong></span> <span class='ocrx_word' id='word_1_313' title='bbox 1939 1651 2143 1703; x_wconf 85' lang='lat' dir='ltr'><strong>superiora</strong></span> <span class='ocrx_word' id='word_1_314' title='bbox 2161 1648 2274 1690; x_wconf 82' lang='lat' dir='ltr'><strong>refe-</strong></span> 
     </span>
     <span class='ocr_line' id='line_1_30' title="bbox 122 1704 2273 1758; baseline -0.002 -12"><span class='ocrx_word' id='word_1_315' title='bbox 122 1710 236 1754; x_wconf 89' lang='lat' dir='ltr'><strong>runt,</strong></span> <span class='ocrx_word' id='word_1_316' title='bbox 277 1708 316 1745; x_wconf 86' lang='lat' dir='ltr'><strong>et</strong></span> <span class='ocrx_word' id='word_1_317' title='bbox 344 1716 424 1745; x_wconf 90' lang='lat' dir='ltr'><strong>non</strong></span> <span class='ocrx_word' id='word_1_318' title='bbox 463 1704 511 1746; x_wconf 90' lang='lat' dir='ltr'><strong>ad</strong></span> <span class='ocrx_word' id='word_1_319' title='bbox 539 1717 654 1758; x_wconf 90' lang='lat' dir='ltr'><strong>poma</strong></span> <span class='ocrx_word' id='word_1_320' title='bbox 683 1704 754 1744; x_wconf 91' lang='lat' dir='ltr'><strong>sed</strong></span> <span class='ocrx_word' id='word_1_321' title='bbox 785 1704 834 1744; x_wconf 89' lang='lat' dir='ltr'><strong>ad</strong></span> <span class='ocrx_word' id='word_1_322' title='bbox 864 1706 986 1755; x_wconf 76' lang='lat' dir='ltr'><strong>vites,</strong></span> <span class='ocrx_word' id='word_1_323' title='bbox 1027 1710 1070 1745; x_wconf 92' lang='lat' dir='ltr'><strong>ut</strong></span> <span class='ocrx_word' id='word_1_324' title='bbox 1098 1706 1161 1755; x_wconf 91' lang='lat' dir='ltr'><strong>sit,</strong></span> <span class='ocrx_word' id='word_1_325' title='bbox 1193 1707 1335 1758; x_wconf 90' lang='lat' dir='ltr'><strong>quibus</strong></span> <span class='ocrx_word' id='word_1_326' title='bbox 1368 1709 1489 1748; x_wconf 89' lang='lat' dir='ltr'><strong>cessit</strong></span> <span class='ocrx_word' id='word_1_327' title='bbox 1517 1706 1689 1748; x_wconf 90' lang='lat' dir='ltr'><strong>Tmolius</strong></span> <span class='ocrx_word' id='word_1_328' title='bbox 1702 1708 1755 1756; x_wconf 76' lang='lat'><strong>⁷⁰)</strong></span> <span class='ocrx_word' id='word_1_329' title='bbox 1788 1711 1826 1746; x_wconf 87' lang='lat' dir='ltr'><strong>et</strong></span> <span class='ocrx_word' id='word_1_330' title='bbox 1863 1706 2087 1754; x_wconf 81' lang='lat' dir='ltr'><strong>Phanaeus,</strong></span> <span class='ocrx_word' id='word_1_331' title='bbox 2119 1708 2273 1744; x_wconf 89' lang='lat' dir='ltr'><strong>montes</strong></span> 
     </span>
     <span class='ocr_line' id='line_1_31' title="bbox 123 1758 2271 1814; baseline -0.001 -14"><span class='ocrx_word' id='word_1_332' title='bbox 123 1759 270 1801; x_wconf 89' lang='lat' dir='ltr'><strong>vitibus</strong></span> <span class='ocrx_word' id='word_1_333' title='bbox 301 1761 576 1800; x_wconf 87' lang='lat' dir='ltr'><strong>consistentes.</strong></span> <span class='ocrx_word' id='word_1_334' title='bbox 634 1758 879 1804; x_wconf 78' lang='lat' dir='ltr'><strong>Phanaeus,</strong></span> <span class='ocrx_word' id='word_1_335' title='bbox 918 1762 1230 1811; x_wconf 85' lang='lat' dir='ltr'><strong>promontorium</strong></span> <span class='ocrx_word' id='word_1_336' title='bbox 1255 1762 1358 1814; x_wconf 90' lang='lat' dir='ltr'><strong>Chii,</strong></span> <span class='ocrx_word' id='word_1_337' title='bbox 1397 1765 1437 1804; x_wconf 91' lang='lat' dir='ltr'><strong>in</strong></span> <span class='ocrx_word' id='word_1_338' title='bbox 1469 1763 1600 1805; x_wconf 89' lang='lat' dir='ltr'><strong>Sicilia</strong></span> <span class='ocrx_word' id='word_1_339' title='bbox 1630 1761 1823 1802; x_wconf 90' lang='lat' dir='ltr'><strong>Tmolium</strong></span> <span class='ocrx_word' id='word_1_340' title='bbox 1863 1761 1955 1802; x_wconf 90' lang='lat' dir='ltr'><strong>dicit</strong></span> <span class='ocrx_word' id='word_1_341' title='bbox 1985 1766 2023 1801; x_wconf 90' lang='lat' dir='ltr'><strong>et</strong></span> <span class='ocrx_word' id='word_1_342' title='bbox 2050 1760 2271 1802; x_wconf 87' lang='lat' dir='ltr'><strong>Phanaeum</strong></span> 
     </span>
     <span class='ocr_line' id='line_1_32' title="bbox 124 1815 1087 1864; baseline 0 -8"><span class='ocrx_word' id='word_1_343' title='bbox 124 1815 268 1857; x_wconf 86' lang='lat' dir='ltr'><strong>cedere</strong></span> <span class='ocrx_word' id='word_1_344' title='bbox 295 1815 485 1855; x_wconf 85' lang='lat' dir='ltr'><strong>Amineae</strong></span> <span class='ocrx_word' id='word_1_345' title='bbox 513 1816 603 1864; x_wconf 89' lang='lat' dir='ltr'><strong>viti,</strong></span> <span class='ocrx_word' id='word_1_346' title='bbox 632 1815 726 1855; x_wconf 91' lang='lat' dir='ltr'><strong>licet</strong></span> <span class='ocrx_word' id='word_1_347' title='bbox 754 1815 895 1855; x_wconf 90' lang='lat' dir='ltr'><strong>vitibus</strong></span> <span class='ocrx_word' id='word_1_348' title='bbox 926 1815 1087 1856; x_wconf 86' lang='lat' dir='ltr'><strong>fertiles.</strong></span> 
     </span>
    </p>

    <p class='ocr_par' dir='ltr' id='par_1_15' title="bbox 258 1867 1891 1925">
     <span class='ocr_line' id='line_1_33' title="bbox 258 1867 1891 1925; baseline 0 -15"><span class='ocrx_word' id='word_1_349' title='bbox 258 1870 324 1910; x_wconf 91' lang='lat' dir='ltr'><strong>Vs.</strong></span> <span class='ocrx_word' id='word_1_350' title='bbox 355 1868 421 1911; x_wconf 87' lang='lat'><strong>99.</strong></span> <span class='ocrx_word' id='word_1_351' title='bbox 479 1867 740 1921; x_wconf 64' lang='lat' dir='ltr'><strong>Aryittsss),</strong></span> <span class='ocrx_word' id='word_1_352' title='bbox 770 1870 935 1910; x_wconf 86' lang='lat' dir='ltr'><strong>candida</strong></span> <span class='ocrx_word' id='word_1_353' title='bbox 963 1871 1075 1920; x_wconf 86' lang='lat' dir='ltr'><strong>vina,</strong></span> <span class='ocrx_word' id='word_1_354' title='bbox 1107 1874 1275 1922; x_wconf 58' lang='lat' dir='ltr'><strong>quaen)</strong></span> <span class='ocrx_word' id='word_1_355' title='bbox 1307 1885 1377 1925; x_wconf 91' lang='lat' dir='ltr'><strong>per</strong></span> <span class='ocrx_word' id='word_1_356' title='bbox 1404 1873 1549 1913; x_wconf 89' lang='lat' dir='ltr'><strong>multos</strong></span> <span class='ocrx_word' id='word_1_357' title='bbox 1580 1882 1705 1913; x_wconf 91' lang='lat' dir='ltr'><strong>annos</strong></span> <span class='ocrx_word' id='word_1_358' title='bbox 1735 1870 1891 1911; x_wconf 90' lang='lat' dir='ltr'><strong>durant.</strong></span> 
     </span>
    </p>

    <p class='ocr_par' dir='ltr' id='par_1_16' title="bbox 257 1923 1732 1981">
     <span class='ocr_line' id='line_1_34' title="bbox 257 1923 1732 1981; baseline 0 -16"><span class='ocrx_word' id='word_1_359' title='bbox 257 1925 325 1965; x_wconf 87' lang='lat' dir='ltr'><strong>Vs.</strong></span> <span class='ocrx_word' id='word_1_360' title='bbox 356 1924 445 1966; x_wconf 89' lang='lat'><strong>100.</strong></span> <span class='ocrx_word' id='word_1_361' title='bbox 502 1923 589 1964; x_wconf 86' lang='lat' dir='ltr'><strong>Aut</strong></span> <span class='ocrx_word' id='word_1_362' title='bbox 618 1929 799 1969; x_wconf 83' lang='lat' dir='ltr'><strong>tantum,</strong></span> <span class='ocrx_word' id='word_1_363' title='bbox 832 1930 1021 1976; x_wconf 87' lang='lat' dir='ltr'><strong>qnantum</strong></span> <span class='ocrx_word' id='word_1_364' title='bbox 1051 1925 1099 1965; x_wconf 90' lang='lat' dir='ltr'><strong>ad</strong></span> <span class='ocrx_word' id='word_1_365' title='bbox 1129 1927 1252 1967; x_wconf 91' lang='lat' dir='ltr'><strong>solam</strong></span> <span class='ocrx_word' id='word_1_366' title='bbox 1283 1929 1521 1981; x_wconf 76' lang='lat' dir='ltr'><strong>speciem⁷³³)</strong></span> <span class='ocrx_word' id='word_1_367' title='bbox 1551 1927 1732 1980; x_wconf 82' lang='lat' dir='ltr'><strong>pertinet.</strong></span> 
     </span>
    </p>

    <p class='ocr_par' dir='ltr' id='par_1_17' title="bbox 257 1978 2225 2034">
     <span class='ocr_line' id='line_1_35' title="bbox 257 1978 2225 2034; baseline -0.001 -14"><span class='ocrx_word' id='word_1_368' title='bbox 257 1980 325 2020; x_wconf 92' lang='lat' dir='ltr'><strong>Vs.</strong></span> <span class='ocrx_word' id='word_1_369' title='bbox 359 1979 450 2021; x_wconf 92' lang='lat'><strong>101.</strong></span> <span class='ocrx_word' id='word_1_370' title='bbox 506 1978 719 2032; x_wconf 83' lang='lat' dir='ltr'><strong>Accepta,</strong></span> <span class='ocrx_word' id='word_1_371' title='bbox 751 1985 901 2030; x_wconf 86' lang='lat' dir='ltr'><strong>amata,</strong></span> <span class='ocrx_word' id='word_1_372' title='bbox 934 1980 1087 2021; x_wconf 87' lang='lat' dir='ltr'><strong>dilecta.</strong></span> <span class='ocrx_word' id='word_1_373' title='bbox 1117 1996 1171 2011; x_wconf 53' lang='lat' dir='ltr'><strong>—a</strong></span> <span class='ocrx_word' id='word_1_374' title='bbox 1203 1981 1431 2030; x_wconf 78' lang='lat' dir='ltr'><strong>Secundis,</strong></span> <span class='ocrx_word' id='word_1_375' title='bbox 1463 1981 1664 2024; x_wconf 87' lang='lat' dir='ltr'><strong>sacrificiis</strong></span> <span class='ocrx_word' id='word_1_376' title='bbox 1693 1981 1758 2021; x_wconf 90' lang='lat' dir='ltr'><strong>vel</strong></span> <span class='ocrx_word' id='word_1_377' title='bbox 1785 1993 1863 2034; x_wconf 79' lang='lat' dir='ltr'><strong>pro</strong></span> <span class='ocrx_word' id='word_1_378' title='bbox 1887 1981 1998 2034; x_wconf 91' lang='lat' dir='ltr'><strong>pictis</strong></span> <span class='ocrx_word' id='word_1_379' title='bbox 2028 1980 2225 2034; x_wconf 85' lang='lat' dir='ltr'><strong>frugibus.</strong></span> 
     </span>
    </p>

    <p class='ocr_par' dir='ltr' id='par_1_18' title="bbox 125 2034 2271 2144">
     <span class='ocr_line' id='line_1_36' title="bbox 258 2034 2271 2092; baseline -0 -17"><span class='ocrx_word' id='word_1_380' title='bbox 258 2035 326 2076; x_wconf 88' lang='lat' dir='ltr'><strong>Vs.</strong></span> <span class='ocrx_word' id='word_1_381' title='bbox 359 2034 450 2077; x_wconf 87' lang='lat'><strong>102.</strong></span> <span class='ocrx_word' id='word_1_382' title='bbox 510 2035 706 2079; x_wconf 81' lang='lat' dir='ltr'><strong>Rhodia,</strong></span> <span class='ocrx_word' id='word_1_383' title='bbox 743 2035 895 2076; x_wconf 85' lang='lat' dir='ltr'><strong>Rhodia</strong></span> <span class='ocrx_word' id='word_1_384' title='bbox 930 2040 970 2076; x_wconf 87' lang='lat' dir='ltr'><strong>et</strong></span> <span class='ocrx_word' id='word_1_385' title='bbox 1008 2035 1261 2086; x_wconf 57' lang='lat' dir='ltr'><strong>Rhaetieafl)</strong></span> <span class='ocrx_word' id='word_1_386' title='bbox 1301 2052 1324 2080; x_wconf 92' lang='lat' dir='ltr'><strong>a</strong></span> <span class='ocrx_word' id='word_1_387' title='bbox 1361 2038 1590 2092; x_wconf 85' lang='lat' dir='ltr'><strong>regionibus</strong></span> <span class='ocrx_word' id='word_1_388' title='bbox 1630 2036 1771 2077; x_wconf 88' lang='lat' dir='ltr'><strong>dictae.</strong></span> <span class='ocrx_word' id='word_1_389' title='bbox 1807 2059 1862 2067; x_wconf 89' lang='lat'>—</span> <span class='ocrx_word' id='word_1_390' title='bbox 1904 2036 2105 2085; x_wconf 74' lang='lat' dir='ltr'><strong>Rlzqclus,</strong></span> <span class='ocrx_word' id='word_1_391' title='bbox 2145 2035 2271 2089; x_wconf 84' lang='lat' dir='ltr'><strong>regio.</strong></span> 
     </span>
     <span class='ocr_line' id='line_1_37' title="bbox 125 2088 1970 2144; baseline 0.001 -15"><span class='ocrx_word' id='word_1_392' title='bbox 125 2088 329 2130; x_wconf 81' lang='lat' dir='ltr'><strong>Bumaste</strong></span> <span class='ocrx_word' id='word_1_393' title='bbox 357 2091 515 2144; x_wconf 80' lang='lat' dir='ltr'><strong>uitibaq3</strong></span> <span class='ocrx_word' id='word_1_394' title='bbox 546 2091 658 2131; x_wconf 90' lang='lat' dir='ltr'><strong>bobis</strong></span> <span class='ocrx_word' id='word_1_395' title='bbox 690 2090 978 2131; x_wconf 88' lang='lat' dir='ltr'><strong>similitudinem</strong></span> <span class='ocrx_word' id='word_1_396' title='bbox 991 2094 1060 2139; x_wconf 75' lang='grc'><strong>115).</strong></span> <span class='ocrx_word' id='word_1_397' title='bbox 1964 2095 1970 2102; x_wconf 90' lang='grc'><strong>’</strong></span> 
     </span>
    </p>

    <p class='ocr_par' dir='ltr' id='par_1_19' title="bbox 257 2145 1161 2198">
     <span class='ocr_line' id='line_1_38' title="bbox 257 2145 1161 2198; baseline -0.002 -12"><span class='ocrx_word' id='word_1_398' title='bbox 257 2145 324 2187; x_wconf 90' lang='lat' dir='ltr'><strong>vs.</strong></span> <span class='ocrx_word' id='word_1_399' title='bbox 357 2145 448 2187; x_wconf 72' lang='lat'><strong>104.</strong></span> <span class='ocrx_word' id='word_1_400' title='bbox 507 2145 679 2198; x_wconf 85' lang='lat' dir='ltr'><strong>Refert,</strong></span> <span class='ocrx_word' id='word_1_401' title='bbox 707 2145 885 2198; x_wconf 88' lang='lat' dir='ltr'><strong>prodest,</strong></span> <span class='ocrx_word' id='word_1_402' title='bbox 916 2146 1161 2194; x_wconf 80' lang='lat' dir='ltr'><strong>intei·est⁷⁶).</strong></span> 
     </span>
    </p>

    <p class='ocr_par' dir='ltr' id='par_1_20' title="bbox 123 2200 2271 2366">
     <span class='ocr_line' id='line_1_39' title="bbox 256 2200 2269 2255; baseline -0 -14"><span class='ocrx_word' id='word_1_403' title='bbox 256 2201 323 2242; x_wconf 89' lang='lat' dir='ltr'><strong>Vs.</strong></span> <span class='ocrx_word' id='word_1_404' title='bbox 355 2201 447 2243; x_wconf 81' lang='lat'><strong>105.</strong></span> <span class='ocrx_word' id='word_1_405' title='bbox 511 2201 659 2247; x_wconf 83' lang='lat' dir='ltr'><strong>Quem,</strong></span> <span class='ocrx_word' id='word_1_406' title='bbox 695 2201 734 2241; x_wconf 92' lang='lat' dir='ltr'><strong>id</strong></span> <span class='ocrx_word' id='word_1_407' title='bbox 771 2206 832 2241; x_wconf 89' lang='lat' dir='ltr'><strong>est</strong></span> <span class='ocrx_word' id='word_1_408' title='bbox 869 2213 1096 2251; x_wconf 84' lang='lat' dir='ltr'><strong>numerum3</strong></span> <span class='ocrx_word' id='word_1_409' title='bbox 1136 2213 1251 2253; x_wconf 80' lang='lat' dir='ltr'><strong>quem</strong></span> <span class='ocrx_word' id='word_1_410' title='bbox 1283 2201 1378 2253; x_wconf 81' lang='lat' dir='ltr'><strong>qui,</strong></span> <span class='ocrx_word' id='word_1_411' title='bbox 1410 2200 1450 2242; x_wconf 92' lang='lat' dir='ltr'><strong>id</strong></span> <span class='ocrx_word' id='word_1_412' title='bbox 1479 2206 1540 2242; x_wconf 90' lang='lat' dir='ltr'><strong>est</strong></span> <span class='ocrx_word' id='word_1_413' title='bbox 1567 2201 1773 2243; x_wconf 89' lang='lat' dir='ltr'><strong>innumera</strong></span> <span class='ocrx_word' id='word_1_414' title='bbox 1813 2207 1905 2242; x_wconf 92' lang='lat' dir='ltr'><strong>sunt</strong></span> <span class='ocrx_word' id='word_1_415' title='bbox 1944 2202 2080 2242; x_wconf 89' lang='lat' dir='ltr'><strong>vitium</strong></span> <span class='ocrx_word' id='word_1_416' title='bbox 2109 2212 2269 2255; x_wconf 86' lang='lat' dir='ltr'><strong>genera,</strong></span> 
     </span>
     <span class='ocr_line' id='line_1_40' title="bbox 124 2255 2269 2310; baseline -0 -14"><span class='ocrx_word' id='word_1_417' title='bbox 124 2256 265 2309; x_wconf 86' lang='lat' dir='ltr'><strong>quibus</strong></span> <span class='ocrx_word' id='word_1_418' title='bbox 277 2258 330 2307; x_wconf 81' lang='lat'><strong>⁷⁷)</strong></span> <span class='ocrx_word' id='word_1_419' title='bbox 358 2257 537 2298; x_wconf 87' lang='lat' dir='ltr'><strong>offensus</strong></span> <span class='ocrx_word' id='word_1_420' title='bbox 558 2258 632 2308; x_wconf 90' lang='lat' dir='ltr'><strong>ait,</strong></span> <span class='ocrx_word' id='word_1_421' title='bbox 663 2257 729 2309; x_wconf 88' lang='lat' dir='ltr'><strong>qui</strong></span> <span class='ocrx_word' id='word_1_422' title='bbox 758 2257 912 2297; x_wconf 90' lang='lat' dir='ltr'><strong>interim</strong></span> <span class='ocrx_word' id='word_1_423' title='bbox 937 2261 1102 2298; x_wconf 88' lang='lat' dir='ltr'><strong>conatur</strong></span> <span class='ocrx_word' id='word_1_424' title='bbox 1134 2257 1332 2308; x_wconf 87' lang='lat' dir='ltr'><strong>universa,</strong></span> <span class='ocrx_word' id='word_1_425' title='bbox 1364 2255 1480 2297; x_wconf 90' lang='lat' dir='ltr'><strong>debet</strong></span> <span class='ocrx_word' id='word_1_426' title='bbox 1508 2258 1748 2310; x_wconf 88' lang='lat' dir='ltr'><strong>inpossibilia</strong></span> <span class='ocrx_word' id='word_1_427' title='bbox 1779 2259 1893 2305; x_wconf 85' lang='lat' dir='ltr'><strong>scire,</strong></span> <span class='ocrx_word' id='word_1_428' title='bbox 1923 2261 1968 2297; x_wconf 88' lang='lat' dir='ltr'><strong>ut</strong></span> <span class='ocrx_word' id='word_1_429' title='bbox 1995 2258 2269 2304; x_wconf 64' lang='lat' dir='ltr'><strong>arenarum⁷SJ</strong></span> 
     </span>
     <span class='ocr_line' id='line_1_41' title="bbox 123 2309 2271 2366; baseline 0 -14"><span class='ocrx_word' id='word_1_430' title='bbox 123 2312 188 2352; x_wconf 86' lang='lat' dir='ltr'><strong>vel</strong></span> <span class='ocrx_word' id='word_1_431' title='bbox 216 2311 414 2353; x_wconf 86' lang='lat' dir='ltr'><strong>fructuum</strong></span> <span class='ocrx_word' id='word_1_432' title='bbox 444 2312 715 2364; x_wconf 91' lang='lat' dir='ltr'><strong>fluctuumque</strong></span> <span class='ocrx_word' id='word_1_433' title='bbox 742 2323 932 2353; x_wconf 91' lang='lat' dir='ltr'><strong>numerus</strong></span> <span class='ocrx_word' id='word_1_434' title='bbox 961 2312 1132 2354; x_wconf 88' lang='lat' dir='ltr'><strong>incertus</strong></span> <span class='ocrx_word' id='word_1_435' title='bbox 1163 2316 1236 2352; x_wconf 92' lang='lat' dir='ltr'><strong>est.</strong></span> <span class='ocrx_word' id='word_1_436' title='bbox 1274 2335 1312 2340; x_wconf 88' lang='lat'>-</span> <span class='ocrx_word' id='word_1_437' title='bbox 1351 2309 1502 2365; x_wconf 68' lang='lat' dir='ltr'><strong>Libyci</strong></span> <span class='ocrx_word' id='word_1_438' title='bbox 1530 2312 1623 2353; x_wconf 91' lang='lat' dir='ltr'><strong>dicit</strong></span> <span class='ocrx_word' id='word_1_439' title='bbox 1651 2314 1742 2365; x_wconf 90' lang='lat' dir='ltr'><strong>quia</strong></span> <span class='ocrx_word' id='word_1_440' title='bbox 1769 2312 1951 2366; x_wconf 80' lang='lat' dir='ltr'><strong>ipsud⁷⁹)</strong></span> <span class='ocrx_word' id='word_1_441' title='bbox 1981 2313 2152 2354; x_wconf 78' lang='lat' dir='ltr'><strong>maxime</strong></span> <span class='ocrx_word' id='word_1_442' title='bbox 2178 2323 2271 2353; x_wconf 87' lang='lat' dir='ltr'><strong>are-</strong></span> 
     </span>
    </p>
   </div>
   <div class='ocr_carea' id='block_1_6' title="bbox 123 2368 909 2466">
    <p class='ocr_par' dir='ltr' id='par_1_21' title="bbox 123 2368 909 2466">
     <span class='ocr_line' id='line_1_42' title="bbox 123 2368 439 2418; baseline -0.006 -10"><span class='ocrx_word' id='word_1_443' title='bbox 123 2368 334 2418; x_wconf 77' lang='lat' dir='ltr'><strong>nosum⁸⁰)</strong></span> <span class='ocrx_word' id='word_1_444' title='bbox 366 2372 439 2407; x_wconf 88' lang='lat' dir='ltr'><strong>est.</strong></span> 
     </span>
     <span class='ocr_line' id='line_1_43' title="bbox 255 2421 909 2466; baseline 0.002 -4"><span class='ocrx_word' id='word_1_445' title='bbox 255 2423 324 2463; x_wconf 90' lang='lat' dir='ltr'><strong>Vs.</strong></span> <span class='ocrx_word' id='word_1_446' title='bbox 356 2421 448 2464; x_wconf 88' lang='grc'><strong>107.</strong></span> <span class='ocrx_word' id='word_1_447' title='bbox 507 2421 690 2466; x_wconf 78' lang='lat' dir='ltr'><strong>Incidit,</strong></span> <span class='ocrx_word' id='word_1_448' title='bbox 721 2421 909 2463; x_wconf 88' lang='lat' dir='ltr'><strong>incubuit.</strong></span> 
     </span>
    </p>
   </div>
   <div class='ocr_carea' id='block_1_7' title="bbox 120 2598 2269 3082">
    <p class='ocr_par' dir='ltr' id='par_1_22' title="bbox 1993 2598 2075 2615">
     <span class='ocr_line' id='line_1_44' title="bbox 1993 2598 2075 2615; baseline 0 0"><span class='ocrx_word' id='word_1_449' title='bbox 1993 2598 2010 2615; x_wconf 72' lang='lat' dir='ltr'>V</span> <span class='ocrx_word' id='word_1_450' title='bbox 2069 2598 2075 2615; x_wconf 93' lang='grc' dir='ltr'>Ι</span> 
     </span>
    </p>

    <p class='ocr_par' dir='ltr' id='par_1_23' title="bbox 120 2622 2269 3082">
     <span class='ocr_line' id='line_1_45' title="bbox 256 2622 2269 2669; baseline 0 -13"><span class='ocrx_word' id='word_1_451' title='bbox 256 2622 308 2664; x_wconf 79' lang='grc'><strong>53)</strong></span> <span class='ocrx_word' id='word_1_452' title='bbox 344 2622 454 2656; x_wconf 85' lang='lat' dir='ltr'><strong>sicin</strong></span> <span class='ocrx_word' id='word_1_453' title='bbox 487 2623 604 2657; x_wconf 91' lang='lat' dir='ltr'><strong>codice</strong></span> <span class='ocrx_word' id='word_1_454' title='bbox 629 2624 796 2668; x_wconf 88' lang='lat' dir='ltr'><strong>scriptum.</strong></span> <span class='ocrx_word' id='word_1_455' title='bbox 843 2624 896 2667; x_wconf 72' lang='grc'><strong>54)</strong></span> <span class='ocrx_word' id='word_1_456' title='bbox 927 2635 1004 2669; x_wconf 88' lang='lat' dir='ltr'><strong>per</strong></span> <span class='ocrx_word' id='word_1_457' title='bbox 1036 2624 1165 2659; x_wconf 82' lang='lat' dir='ltr'><strong>huius</strong></span> <span class='ocrx_word' id='word_1_458' title='bbox 1198 2630 1329 2658; x_wconf 84' lang='lat' dir='ltr'><strong>ortus</strong></span> <span class='ocrx_word' id='word_1_459' title='bbox 1364 2624 1712 2660; x_wconf 77' lang='lat' dir='ltr'><strong>multiformium.</strong></span> <span class='ocrx_word' id='word_1_460' title='bbox 1770 2624 1823 2666; x_wconf 87' lang='lat'><strong>55)</strong></span> <span class='ocrx_word' id='word_1_461' title='bbox 1859 2623 2094 2658; x_wconf 82' lang='lat' dir='ltr'><strong>Crustimo.</strong></span> <span class='ocrx_word' id='word_1_462' title='bbox 2151 2624 2203 2665; x_wconf 83' lang='grc'><strong>56)</strong></span> <span class='ocrx_word' id='word_1_463' title='bbox 2240 2624 2269 2657; x_wconf 86' lang='grc' dir='ltr'><strong>Α</strong></span> 
     </span>
     <span class='ocr_line' id='line_1_46' title="bbox 123 2669 2268 2715; baseline 0 -14"><span class='ocrx_word' id='word_1_464' title='bbox 123 2679 220 2702; x_wconf 83' lang='lat' dir='ltr'><strong>manu</strong></span> <span class='ocrx_word' id='word_1_465' title='bbox 248 2670 426 2702; x_wconf 85' lang='lat' dir='ltr'><strong>recentiore</strong></span> <span class='ocrx_word' id='word_1_466' title='bbox 458 2669 674 2713; x_wconf 86' lang='lat' dir='ltr'><strong>adscriptum:</strong></span> <span class='ocrx_word' id='word_1_467' title='bbox 712 2670 1066 2705; x_wconf 85' lang='lat' dir='ltr'><strong>Crustumerium</strong></span> <span class='ocrx_word' id='word_1_468' title='bbox 1100 2671 1305 2714; x_wconf 88' lang='lat' dir='ltr'><strong>oppidum</strong></span> <span class='ocrx_word' id='word_1_469' title='bbox 1340 2676 1410 2704; x_wconf 89' lang='lat' dir='ltr'><strong>est</strong></span> <span class='ocrx_word' id='word_1_470' title='bbox 1446 2670 1710 2705; x_wconf 85' lang='lat' dir='ltr'><strong>habundans</strong></span> <span class='ocrx_word' id='word_1_471' title='bbox 1742 2672 1869 2715; x_wconf 89' lang='lat' dir='ltr'><strong>piris.</strong></span> <span class='ocrx_word' id='word_1_472' title='bbox 1918 2671 1977 2713; x_wconf 74' lang='grc'><strong>51)</strong></span> <span class='ocrx_word' id='word_1_473' title='bbox 2011 2670 2268 2703; x_wconf 82' lang='lat' dir='ltr'><strong>methemna.</strong></span> 
     </span>
     <span class='ocr_line' id='line_1_47' title="bbox 122 2715 2269 2760; baseline 0.001 -13"><span class='ocrx_word' id='word_1_474' title='bbox 122 2716 175 2757; x_wconf 81' lang='grc'><strong>58)</strong></span> <span class='ocrx_word' id='word_1_475' title='bbox 198 2715 365 2755; x_wconf 86' lang='lat' dir='ltr'><strong>insola,</strong></span> <span class='ocrx_word' id='word_1_476' title='bbox 390 2720 424 2747; x_wconf 80' lang='lat' dir='ltr'><strong>ut</strong></span> <span class='ocrx_word' id='word_1_477' title='bbox 447 2726 565 2758; x_wconf 88' lang='lat' dir='ltr'><strong>saepe,</strong></span> <span class='ocrx_word' id='word_1_478' title='bbox 588 2716 648 2749; x_wconf 89' lang='lat' dir='ltr'><strong>sed</strong></span> <span class='ocrx_word' id='word_1_479' title='bbox 673 2728 739 2750; x_wconf 90' lang='lat' dir='ltr'><strong>non</strong></span> <span class='ocrx_word' id='word_1_480' title='bbox 764 2723 964 2751; x_wconf 84' lang='lat' dir='ltr'><strong>constanter.</strong></span> <span class='ocrx_word' id='word_1_481' title='bbox 1014 2718 1066 2758; x_wconf 85' lang='grc'><strong>59)</strong></span> <span class='ocrx_word' id='word_1_482' title='bbox 1102 2723 1243 2760; x_wconf 79' lang='lat' dir='ltr'><strong>grata.</strong></span> <span class='ocrx_word' id='word_1_483' title='bbox 1291 2717 1341 2759; x_wconf 82' lang='lat'><strong>6⁰)</strong></span> <span class='ocrx_word' id='word_1_484' title='bbox 1368 2719 1448 2750; x_wconf 84' lang='lat' dir='ltr'><strong>via.</strong></span> <span class='ocrx_word' id='word_1_485' title='bbox 1496 2717 1546 2758; x_wconf 83' lang='grc'><strong>81)</strong></span> <span class='ocrx_word' id='word_1_486' title='bbox 1581 2716 1696 2751; x_wconf 88' lang='lat' dir='ltr'><strong>Glossa</strong></span> <span class='ocrx_word' id='word_1_487' title='bbox 1730 2719 1814 2751; x_wconf 88' lang='lat' dir='ltr'><strong>inter</strong></span> <span class='ocrx_word' id='word_1_488' title='bbox 1838 2717 1939 2750; x_wconf 85' lang='lat' dir='ltr'><strong>lineas</strong></span> <span class='ocrx_word' id='word_1_489' title='bbox 1977 2718 2081 2759; x_wconf 86' lang='lat' dir='ltr'><strong>posita</strong></span> <span class='ocrx_word' id='word_1_490' title='bbox 2117 2716 2160 2748; x_wconf 90' lang='lat' dir='ltr'><strong>ad</strong></span> <span class='ocrx_word' id='word_1_491' title='bbox 2195 2727 2269 2750; x_wconf 78' lang='lat' dir='ltr'><strong>voc.</strong></span> 
     </span>
     <span class='ocr_line' id='line_1_48' title="bbox 122 2762 2268 2807; baseline 0 -14"><span class='ocrx_word' id='word_1_492' title='bbox 122 2770 245 2805; x_wconf 84' lang='lat' dir='ltr'><strong>passo:</strong></span> <span class='ocrx_word' id='word_1_493' title='bbox 270 2762 372 2794; x_wconf 86' lang='lat' dir='ltr'><strong>vino</strong></span> <span class='ocrx_word' id='word_1_494' title='bbox 396 2767 538 2794; x_wconf 83' lang='lat' dir='ltr'><strong>cocto.</strong></span> <span class='ocrx_word' id='word_1_495' title='bbox 586 2763 638 2803; x_wconf 77' lang='lat'><strong>82)</strong></span> <span class='ocrx_word' id='word_1_496' title='bbox 665 2763 699 2796; x_wconf 90' lang='lat' dir='ltr'><strong>ln</strong></span> <span class='ocrx_word' id='word_1_497' title='bbox 716 2765 861 2806; x_wconf 81' lang='lat' dir='ltr'><strong>margine</strong></span> <span class='ocrx_word' id='word_1_498' title='bbox 887 2763 969 2797; x_wconf 88' lang='lat' dir='ltr'><strong>haec</strong></span> <span class='ocrx_word' id='word_1_499' title='bbox 994 2774 1016 2796; x_wconf 82' lang='lat' dir='ltr'><strong>a</strong></span> <span class='ocrx_word' id='word_1_500' title='bbox 1041 2774 1126 2796; x_wconf 90' lang='lat' dir='ltr'><strong>man.</strong></span> <span class='ocrx_word' id='word_1_501' title='bbox 1146 2774 1210 2796; x_wconf 87' lang='lat' dir='ltr'><strong>rec.</strong></span> <span class='ocrx_word' id='word_1_502' title='bbox 1236 2763 1417 2806; x_wconf 85' lang='lat' dir='ltr'><strong>adscripta:</strong></span> <span class='ocrx_word' id='word_1_503' title='bbox 1450 2762 1641 2807; x_wconf 83' lang='lat' dir='ltr'><strong>Lageos,</strong></span> <span class='ocrx_word' id='word_1_504' title='bbox 1665 2763 1791 2797; x_wconf 90' lang='lat' dir='ltr'><strong>locus</strong></span> <span class='ocrx_word' id='word_1_505' title='bbox 1817 2763 1888 2796; x_wconf 89' lang='lat' dir='ltr'><strong>ubi</strong></span> <span class='ocrx_word' id='word_1_506' title='bbox 1914 2765 2003 2795; x_wconf 86' lang='lat' dir='ltr'><strong>cito</strong></span> <span class='ocrx_word' id='word_1_507' title='bbox 2028 2763 2141 2795; x_wconf 89' lang='lat' dir='ltr'><strong>vites</strong></span> <span class='ocrx_word' id='word_1_508' title='bbox 2167 2772 2268 2794; x_wconf 85' lang='lat' dir='ltr'><strong>cur-</strong></span> 
     </span>
     <span class='ocr_line' id='line_1_49' title="bbox 122 2806 2267 2853; baseline 0 -14"><span class='ocrx_word' id='word_1_509' title='bbox 122 2811 228 2840; x_wconf 84' lang='lat' dir='ltr'><strong>runt</strong></span> <span class='ocrx_word' id='word_1_510' title='bbox 251 2806 302 2840; x_wconf 88' lang='lat' dir='ltr'><strong>ad</strong></span> <span class='ocrx_word' id='word_1_511' title='bbox 327 2808 640 2840; x_wconf 82' lang='lat' dir='ltr'><strong>maturitatem.</strong></span> <span class='ocrx_word' id='word_1_512' title='bbox 667 2827 712 2832; x_wconf 93' lang='lat'><strong>——</strong></span> <span class='ocrx_word' id='word_1_513' title='bbox 748 2808 916 2842; x_wconf 88' lang='lat' dir='ltr'><strong>Psithia</strong></span> <span class='ocrx_word' id='word_1_514' title='bbox 943 2811 1087 2853; x_wconf 88' lang='lat' dir='ltr'><strong>patria</strong></span> <span class='ocrx_word' id='word_1_515' title='bbox 1113 2809 1186 2842; x_wconf 87' lang='lat' dir='ltr'><strong>ubi</strong></span> <span class='ocrx_word' id='word_1_516' title='bbox 1221 2810 1447 2842; x_wconf 82' lang='lat' dir='ltr'><strong>invenitur</strong></span> <span class='ocrx_word' id='word_1_517' title='bbox 1470 2809 1616 2842; x_wconf 86' lang='lat' dir='ltr'><strong>vinum</strong></span> <span class='ocrx_word' id='word_1_518' title='bbox 1642 2809 1800 2842; x_wconf 92' lang='lat' dir='ltr'><strong>bonum</strong></span> <span class='ocrx_word' id='word_1_519' title='bbox 1825 2809 1875 2842; x_wconf 89' lang='lat' dir='ltr'><strong>ad</strong></span> <span class='ocrx_word' id='word_1_520' title='bbox 1911 2809 2056 2841; x_wconf 87' lang='lat' dir='ltr'><strong>vinum</strong></span> <span class='ocrx_word' id='word_1_521' title='bbox 2091 2813 2267 2840; x_wconf 86' lang='lat' dir='ltr'><strong>coctum</strong></span> 
     </span>
     <span class='ocr_line' id='line_1_50' title="bbox 122 2851 2268 2899; baseline -0 -13"><span class='ocrx_word' id='word_1_522' title='bbox 122 2851 396 2886; x_wconf 73' lang='lat' dir='ltr'><strong>faciendum.</strong></span> <span class='ocrx_word' id='word_1_523' title='bbox 444 2853 494 2895; x_wconf 77' lang='lat'><strong>83)</strong></span> <span class='ocrx_word' id='word_1_524' title='bbox 519 2853 781 2888; x_wconf 85' lang='lat' dir='ltr'><strong>inhebriari.</strong></span> <span class='ocrx_word' id='word_1_525' title='bbox 829 2856 879 2896; x_wconf 74' lang='grc'>64)</span> <span class='ocrx_word' id='word_1_526' title='bbox 905 2856 956 2889; x_wconf 83' lang='lat' dir='ltr'><strong>ad</strong></span> <span class='ocrx_word' id='word_1_527' title='bbox 980 2855 1223 2888; x_wconf 89' lang='lat' dir='ltr'><strong>cuiuslibet</strong></span> <span class='ocrx_word' id='word_1_528' title='bbox 1248 2861 1428 2899; x_wconf 73' lang='lat' dir='ltr'><strong>tempus·</strong></span> <span class='ocrx_word' id='word_1_529' title='bbox 1474 2856 1525 2897; x_wconf 79' lang='lat'><strong>65)</strong></span> <span class='ocrx_word' id='word_1_530' title='bbox 1549 2855 1622 2888; x_wconf 90' lang='lat' dir='ltr'><strong>hic</strong></span> <span class='ocrx_word' id='word_1_531' title='bbox 1653 2855 1795 2889; x_wconf 88' lang='lat' dir='ltr'><strong>licito.</strong></span> <span class='ocrx_word' id='word_1_532' title='bbox 1844 2854 1894 2894; x_wconf 80' lang='grc'><strong>66)</strong></span> <span class='ocrx_word' id='word_1_533' title='bbox 1919 2853 2087 2894; x_wconf 67' lang='grc'><strong>1011113,</strong></span> <span class='ocrx_word' id='word_1_534' title='bbox 2113 2859 2146 2886; x_wconf 80' lang='lat' dir='ltr'><strong>et</strong></span> <span class='ocrx_word' id='word_1_535' title='bbox 2170 2854 2268 2898; x_wconf 87' lang='lat' dir='ltr'><strong>paulo</strong></span> 
     </span>
     <span class='ocr_line' id='line_1_51' title="bbox 122 2899 2264 2945; baseline -0 -13"><span class='ocrx_word' id='word_1_536' title='bbox 122 2904 200 2942; x_wconf 82' lang='lat' dir='ltr'><strong>post</strong></span> <span class='ocrx_word' id='word_1_537' title='bbox 232 2899 358 2933; x_wconf 69' lang='lat' dir='ltr'><strong>retia.</strong></span> <span class='ocrx_word' id='word_1_538' title='bbox 413 2899 465 2940; x_wconf 72' lang='lat'><strong>67)</strong></span> <span class='ocrx_word' id='word_1_539' title='bbox 501 2900 745 2933; x_wconf 89' lang='lat' dir='ltr'><strong>amineium.</strong></span> <span class='ocrx_word' id='word_1_540' title='bbox 795 2901 846 2941; x_wconf 81' lang='grc'><strong>68)</strong></span> <span class='ocrx_word' id='word_1_541' title='bbox 880 2907 983 2945; x_wconf 88' lang='lat' dir='ltr'><strong>aput</strong></span> <span class='ocrx_word' id='word_1_542' title='bbox 1018 2901 1222 2934; x_wconf 82' lang='lat' dir='ltr'><strong>franium.</strong></span> <span class='ocrx_word' id='word_1_543' title='bbox 1270 2901 1319 2943; x_wconf 79' lang='grc'>69)</span> <span class='ocrx_word' id='word_1_544' title='bbox 1353 2902 1484 2935; x_wconf 81' lang='lat' dir='ltr'><strong>vicio.</strong></span> <span class='ocrx_word' id='word_1_545' title='bbox 1539 2902 1588 2943; x_wconf 67' lang='lat' dir='ltr'><strong>to)</strong></span> <span class='ocrx_word' id='word_1_546' title='bbox 1623 2901 1754 2935; x_wconf 81' lang='lat' dir='ltr'><strong>cellit</strong></span> <span class='ocrx_word' id='word_1_547' title='bbox 1778 2900 1948 2934; x_wconf 91' lang='lat' dir='ltr'><strong>molius.</strong></span> <span class='ocrx_word' id='word_1_548' title='bbox 1996 2899 2048 2940; x_wconf 79' lang='lat'><strong>⁶11)</strong></span> <span class='ocrx_word' id='word_1_549' title='bbox 2080 2901 2264 2943; x_wconf 84' lang='lat' dir='ltr'><strong>argutis.</strong></span> 
     </span>
     <span class='ocr_line' id='line_1_52' title="bbox 121 2944 2264 2989; baseline 0.001 -14"><span class='ocrx_word' id='word_1_550' title='bbox 121 2944 173 2986; x_wconf 77' lang='lat'><strong>⁸12)</strong></span> <span class='ocrx_word' id='word_1_551' title='bbox 198 2945 280 2988; x_wconf 90' lang='lat' dir='ltr'><strong>qui.</strong></span> <span class='ocrx_word' id='word_1_552' title='bbox 328 2944 380 2986; x_wconf 79' lang='grc'>73)</span> <span class='ocrx_word' id='word_1_553' title='bbox 415 2944 467 2977; x_wconf 88' lang='lat' dir='ltr'><strong>ad</strong></span> <span class='ocrx_word' id='word_1_554' title='bbox 505 2944 618 2978; x_wconf 80' lang='lat' dir='ltr'><strong>solis</strong></span> <span class='ocrx_word' id='word_1_555' title='bbox 653 2947 892 2988; x_wconf 89' lang='lat' dir='ltr'><strong>s-pecimen.</strong></span> <span class='ocrx_word' id='word_1_556' title='bbox 942 2948 994 2988; x_wconf 66' lang='grc'><strong>71)</strong></span> <span class='ocrx_word' id='word_1_557' title='bbox 1028 2947 1151 2980; x_wconf 88' lang='lat' dir='ltr'><strong>rodie</strong></span> <span class='ocrx_word' id='word_1_558' title='bbox 1177 2953 1218 2980; x_wconf 88' lang='lat' dir='ltr'><strong>et</strong></span> <span class='ocrx_word' id='word_1_559' title='bbox 1243 2948 1399 2980; x_wconf 81' lang='lat' dir='ltr'><strong>retica.</strong></span> <span class='ocrx_word' id='word_1_560' title='bbox 1446 2946 1498 2988; x_wconf 80' lang='lat'><strong>¹15)</strong></span> <span class='ocrx_word' id='word_1_561' title='bbox 1526 2946 1581 2980; x_wconf 85' lang='lat' dir='ltr'><strong>sic</strong></span> <span class='ocrx_word' id='word_1_562' title='bbox 1605 2948 1637 2980; x_wconf 90' lang='grc'><strong>111</strong></span> <span class='ocrx_word' id='word_1_563' title='bbox 1664 2947 1788 2982; x_wconf 85' lang='lat' dir='ltr'><strong>codice.</strong></span> <span class='ocrx_word' id='word_1_564' title='bbox 1829 2947 1858 2979; x_wconf 84' lang='grc' dir='ltr'><strong>Α</strong></span> <span class='ocrx_word' id='word_1_565' title='bbox 1885 2956 1928 2978; x_wconf 89' lang='grc'><strong>111.</strong></span> <span class='ocrx_word' id='word_1_566' title='bbox 1954 2956 2019 2978; x_wconf 90' lang='lat' dir='ltr'><strong>rec.</strong></span> <span class='ocrx_word' id='word_1_567' title='bbox 2045 2945 2264 2989; x_wconf 86' lang='lat' dir='ltr'><strong>adscriptum:</strong></span> 
     </span>
     <span class='ocr_line' id='line_1_53' title="bbox 120 2988 2266 3038; baseline 0 -15"><span class='ocrx_word' id='word_1_568' title='bbox 120 2988 333 3023; x_wconf 79' lang='lat' dir='ltr'><strong>Bumaste</strong></span> <span class='ocrx_word' id='word_1_569' title='bbox 356 3001 435 3023; x_wconf 83' lang='lat' dir='ltr'><strong>uva</strong></span> <span class='ocrx_word' id='word_1_570' title='bbox 459 2991 593 3024; x_wconf 81' lang='lat' dir='ltr'><strong>estin</strong></span> <span class='ocrx_word' id='word_1_571' title='bbox 617 2992 924 3028; x_wconf 82' lang='lat' dir='ltr'><strong>similitudine</strong></span> <span class='ocrx_word' id='word_1_572' title='bbox 948 3003 1150 3027; x_wconf 82' lang='lat' dir='ltr'><strong>mammae</strong></span> <span class='ocrx_word' id='word_1_573' title='bbox 1175 2992 1315 3026; x_wconf 83' lang='lat' dir='ltr'><strong>bovis.</strong></span> <span class='ocrx_word' id='word_1_574' title='bbox 1338 3025 1341 3028; x_wconf 89' lang='grc'><em>,</em></span> <span class='ocrx_word' id='word_1_575' title='bbox 1362 2997 1410 3031; x_wconf 78' lang='grc'>76)</span> <span class='ocrx_word' id='word_1_576' title='bbox 1435 2993 1566 3026; x_wconf 88' lang='lat' dir='ltr'><strong>Aman.</strong></span> <span class='ocrx_word' id='word_1_577' title='bbox 1583 3003 1649 3026; x_wconf 88' lang='lat' dir='ltr'><strong>rec.</strong></span> <span class='ocrx_word' id='word_1_578' title='bbox 1667 2993 1882 3038; x_wconf 87' lang='lat' dir='ltr'><strong>adscriptum:</strong></span> <span class='ocrx_word' id='word_1_579' title='bbox 1907 2991 2060 3026; x_wconf 84' lang='lat' dir='ltr'><strong>distat.</strong></span> <span class='ocrx_word' id='word_1_580' title='bbox 2107 2992 2266 3035; x_wconf 73' lang='grc' dir='ltr'><strong>’11)ςο-</strong></span> 
     </span>
     <span class='ocr_line' id='line_1_54' title="bbox 120 3035 1743 3082; baseline 0.002 -12"><span class='ocrx_word' id='word_1_581' title='bbox 120 3036 315 3071; x_wconf 61' lang='lat' dir='ltr'><strong>laetavit</strong></span> <span class='ocrx_word' id='word_1_582' title='bbox 338 3035 561 3071; x_wconf 74' lang='lat' dir='ltr'><strong>offensus.</strong></span> <span class='ocrx_word' id='word_1_583' title='bbox 611 3037 963 3081; x_wconf 75' lang='grc'><strong>78)113101111111111.</strong></span> <span class='ocrx_word' id='word_1_584' title='bbox 1010 3038 1196 3082; x_wconf 79' lang='grc'><strong>’19)810111</strong></span> <span class='ocrx_word' id='word_1_585' title='bbox 1222 3039 1348 3074; x_wconf 83' lang='lat' dir='ltr'><strong>codice.</strong></span> <span class='ocrx_word' id='word_1_586' title='bbox 1396 3041 1446 3082; x_wconf 71' lang='lat'><strong>8⁰)</strong></span> <span class='ocrx_word' id='word_1_587' title='bbox 1470 3039 1743 3074; x_wconf 82' lang='lat' dir='ltr'><strong>harenosum.</strong></span> 
     </span>
    </p>
   </div>
  </div>
 </body>
</html>
