2430 3177
1130 134 1394 152 Μ

326 208 380 240 Vs.
406 203 485 239 512.
532 201 694 241 Durus,
720 198 966 238 inmiserabilis,
991 200 1043 231 ut:
1071 195 1194 231 durus
1227 194 1374 229 Ulixes.
1444 233 1446 235 ,

326 254 380 286 Vs.
406 250 483 285 514.
532 247 569 282 F
571 248 623 282 let
648 249 822 284 not-tem,
846 244 976 288 iugi37]
1000 248 1116 286 nocte,
1141 243 1293 276 continuo
1317 240 1406 275 fletu.

325 299 380 332 Vs.
407 296 484 330 515.
535 294 736 338 Inteyrat,
763 296 909 323 renovat.
920 290 973 332 38)

325 345 381 378 Vs.
406 341 484 376 516.
533 339 738 380 Animum,
764 336 895 380 Orphei.
1184 348 1190 352 ·

196 442 216 473 ss
263 441 268 447 ¹
326 391 382 469 ἒς.
402 388 486 466 t5117.
533 383 829 431 Hyperboreos,
862 382 936 415 loca
967 380 1106 425 frigida,
1137 380 1273 424 quiusa)
1305 384 1422 418 ventus
1454 381 1517 413 iste
1548 379 1633 413 solet
1657 378 1805 423 frigidior
1837 389 1912 412 esse
1945 378 2109 413 omnibus.
2162 377 2342 420 Tanaim,

221 450 311 473 uvius
360 447 377 468 c
435 444 493 466 lae.

328 447 484 514 Vs.y518.
532 474 725 521 Rhipaeis
743 474 927 519 pruinae,
953 479 988 506 ut
1012 471 1079 505 ibi:
1110 469 1287 516 Rhipaeo
1315 470 1499 505 tunditur
1524 470 1649 506 Euro.

334 529 387 560 Vs.
414 523 492 557 519.
542 521 694 561 Inrita,
721 521 829 553 minus
854 524 923 551 rata
934 519 986 561 40)
1011 518 1065 551 vel
1088 517 1226 551 turbata.
1272 515 1404 557 Ditis,
1430 517 1558 550 inferni.

334 573 387 604 Vs.
416 568 496 603 520.
546 571 661 602 Dona
687 575 855 611 querens
883 571 916 598 et
938 565 1033 608 reliq.
1058 562 1208 597 Haeret
1230 562 1343 596 nulla
1377 561 1517 603 Venus,
1541 573 1621 596 non
1645 561 1724 597 ulli
1748 564 1928 596 animum
1951 562 2098 607 flexere
2123 561 2332 607 hymenaei

199 632 292 666 quam
319 620 362 652 ob
387 626 518 650 causam
544 614 644 648 veluti
669 612 854 662 superbum.
907 609 1118 652 Ciconum,
1145 609 1287 642 Cicones
1313 614 1419 642 autem
1445 608 1591 642 Thraces
1616 608 1781 649 mulieres,
1804 609 1836 641 id
1863 614 1911 641 est
1934 615 2053 642 matres
2069 609 2245 653 nuptiales,
2261 587 2347 653 quae

199 670 238 701 ab
264 665 393 709 Orpheo
419 666 548 705 spretae
573 669 724 702 carpsere
734 658 870 700 41)·per
895 656 999 689 Liberi
1024 666 1116 689 sacra
1142 655 1303 695 simulata,
1328 661 1360 688 et
1384 660 1514 698 propter
1539 657 1588 688 sui
1611 661 1809 688 contemtum
1826 654 1998 688 Threissae
2014 656 2223 689 interfectum
2240 655 2346 688 lania-

199 718 325 747 verunt.
373 709 632 794 th'UDEN'SmS
669 704 756 737 dicit.
780 721 824 727 —
853 701 1038 737 Ciconum
1063 701 1204 735 feminae
1230 701 1472 745 discerpserunt
1497 700 1674 744 Orpheum,
1701 701 1777 734 dum
1801 700 1922 734 nullam
1947 711 1985 735 ex
2010 701 2060 736 his
2084 701 2187 735 vellet
2202 707 2352 735 uxorem.

201 762 383 794 luximus
433 755 548 786 1ci1.42
1034 771 1037 774 >

335 803 389 836 Vs.
413 798 491 833 521.
540 801 686 836 Deum,
713 795 868 835 deorum3
892 795 1079 828 nocturni
1102 790 1275 832 Bacchi,
1301 792 1405 825 Liberi
1428 794 1540 836 patris·

334 849 390 880 Vs.
418 842 497 878 523.
546 842 797 880 Marmorea,
824 839 967 883 pulchra.

337 894 392 925 Vs.
419 889 496 924 524.
548 887 742 933 Oeam-ius·
767 884 942 925 Hebrus,
968 885 1145 926 Thracius,
1169 890 1261 928 pater
1285 882 1416 927 Orphei.
1442 901 1486 907 --
1511 881 1664 916 Hebrus
1688 882 1803 916 fluvius
1829 882 1989 917 Thraciae
2013 883 2307 928 gelidissimus.43)

337 940 393 972 Vs.
419 934 498 970 525.
551 933 781 978 Eurydicen
798 933 932 964 anima
955 930 1134 975 fugiente
1159 928 1348 969 vocabat,
1383 928 1609 972 Eurydicen
1633 932 1717 962 toto
1744 935 1777 962 et
1800 929 1894 974 reliq.
1920 931 2051 973 saepius
2076 930 2258 974 repetendo
2283 940 2350 964 uo-

204 998 277 1021 meu
304 987 483 1027 exaggerat
509 981 665 1014 dolorem.
689 995 734 1003 -·
764 976 847 1010 Vooe
871 978 980 1022 ipsa,
1004 977 1089 1010 bene
1113 988 1175 1011 vox
1199 978 1268 1020 ipsa
1283 1000 1291 1016 ,
1316 976 1349 1008 id
1376 981 1425 1009 est
1449 977 1519 1009 sine
1543 975 1683 1009 homine.

337 1031 392 1064 Vs.
417 1027 493 1062 527.
547 1023 810 1070 Refer-ebant,
835 1023 1041 1056 resonabant.

337 1077 391 1109 Vs.
421 1072 500 1108 528.
548 1070 655 1106 Haec
683 1069 875 1109 Proteus,
902 1069 993 1101 deest
1018 1068 1105 1102 dixit.
1152 1066 1348 1106 Proteus,
1374 1072 1479 1100 vates.

344 1123 397 1154 Vs.
425 1118 503 1153 529.
556 1116 636 1152 Sub
662 1117 832 1154 vertice,
860 1115 920 1147 sub
948 1115 1116 1157 vertigine.
1170 1112 1323 1151 Torsit,
1351 1113 1454 1145 findit.

340 1168 397 1200 Vs.
424 1164 503 1200 530.
550 1165 601 1199 At
625 1173 701 1196 non
731 1160 897 1206 Cyrene,
930 1161 1021 1193 deest
1046 1160 1174 1200 territa,
1200 1159 1288 1204 quod
1313 1169 1352 1190 ex
1376 1158 1589 1202 sequentibus
1613 1158 1760 1201 intellegi
1787 1158 1894 1192 datur.
2092 1187 2095 1191 ,

340 1215 396 1248 vs,
423 1210 498 1245 532.
550 1209 656 1244 Haec
683 1209 810 1241 omnis
834 1208 960 1240 morbi
987 1216 1128 1249 causa,
1155 1216 1214 1249 pro
1241 1217 1281 1240 ex
1304 1205 1368 1237 hac
1393 1214 1504 1238 causa.
1529 1221 1576 1228 —-
1601 1202 1857 1245 Miser-abile,
1883 1204 2018 1250 dignum
2041 1206 2258 1240 miseratione.

339 1260 395 1292 Vs.
411 1255 499 1297 4533.
549 1255 649 1294 Illa,
678 1254 849 1296 Eurydice.
864 1253 913 1292 44)
2106 1262 2107 1266 ,

339 1305 393 1338 Vs.
421 1302 498 1338 534.
546 1301 750 1339 Exitium,
775 1297 970 1331 miserabile.
1832 1326 1838 1332 .

340 1351 393 1383 Vs.
423 1348 502 1383 535.
555 1345 683 1381 Tende
706 1356 766 1389 pro
790 1344 881 1377 offer.
907 1362 950 1366 —-
978 1341 1147 1382 Pacem,
1179 1343 1328 1383 veniam3
1361 1340 1529 1386 faciles,
1564 1341 1767 1384 exorabiles,
1800 1342 1989 1385 mutabiles,
2020 1341 2124 1376 laetas
2175 1341 2295 1376 hilares
2319 1336 2353 1377 et

208 1401 250 1433 ad
274 1396 512 1441 ignoscendum
537 1399 680 1438 paratae.
730 1389 1001 1435 Napaeas45),
1026 1388 1204 1433 nymphas,
1230 1400 1314 1432 quae
1340 1394 1371 1421 et
1397 1387 1550 1431 dryades.
2104 1409 2108 1413 .
2132 1367 2144 1386 ⁹

342 1443 397 1476 Vs.
423 1440 501 1476 539.
550 1439 714 1483 Lycaei,
740 1447 833 1470 mons
859 1436 910 1470 vel
936 1446 1080 1479 campus.

344 1490 396 1522 Vs.
423 1486 499 1521 540.
548 1485 713 1530 Deliye,
738 1493 864 1526 separa.
913 1482 973 1515 Hic
995 1482 1188 1515 sacrificium
1213 1480 1352 1515 animale
1375 1479 1559 1514 faciendum
1583 1480 1757 1524 praecipit,
1782 1480 1815 1513 in
1841 1490 1906 1524 quo
1929 1483 2053 1513 tantum
2078 1479 2268 1514 occiduntur
2291 1479 2355 1515 ho-

217 1538 309 1571 stiae.
334 1553 376 1558 —
406 1532 668 1572 Intactas-46),
695 1530 879 1562 indomitas.
1035 1528 1051 1546 *
1387 1544 1390 1548 .

346 1581 401 1615 Vs.
428 1579 505 1614 545.
557 1575 727 1623 Orphei,
752 1575 865 1608 inebrii
894 1571 1041 1618 Orphi,
1068 1572 1119 1606 alii
1145 1574 1309 1617 genitivo,
1334 1572 1387 1605 alii
1414 1571 1542 1614 dativo,
1569 1571 1628 1606 sed
1652 1571 1799 1614 Graeco,
1824 1569 1945 1604 dicunt.
1971 1589 2016 1596 -
2041 1569 2216 1607 Lethaea
2224 1581 2352 1618 papa-

215 1639 305 1662 mera
331 1629 487 1664 miltes,
513 1631 548 1658 ut
570 1627 635 1658 iras
658 1622 711 1656 vel
734 1621 860 1654 furores
885 1620 1103 1653 obliviscatur.
2306 1637 2308 1639 ,

345 1673 399 1706 Vs.
425 1670 504 1705 547.
552 1669 767 1704 Placatam
792 1665 1020 1709 Eurydicen
1046 1663 1290 1706 venerabere,
1316 1663 1488 1707 hypallage
1514 1668 1562 1696 est
1585 1673 1644 1705 pro
1667 1662 1853 1696 veneratam
1876 1662 2032 1706 placabis.

347 1719 403 1752 Vs.
429 1717 507 1751 548.
555 1715 725 1752 Macris,
751 1711 913 1754 Cyrenes3
939 1713 1132 1755 capessit,
1157 1711 1342 1749 Aristaeum
1367 1710 1420 1742 alii
1445 1709 1557 1751 legunt
1580 1707 1745 1751 facessit
1769 1709 1961 1752 frequentati
1985 1709 2033 1742 uti
2053 1713 2114 1752 pro
2136 1708 2353 1753 perfectam)

346 1765 403 1798 Vs.
428 1762 507 1797 552.
562 1760 679 1794 Nona
705 1757 880 1796 Aurora,
907 1756 1118 1789 novemdialis
1144 1756 1276 1796 dicitur,
1303 1757 1356 1799 qui
1379 1756 1518 1798 pertinet
1542 1754 1583 1787 ad
1609 1754 1743 1787 inferos.
1768 1772 1811 1777 -
1840 1752 2073 1795 Induoeerz’t‚
2098 1755 2287 1790 ostenderit.

349 1810 403 1843 Vs.
429 1808 507 1842 554.
556 1805 806 1843 Monstrum,
832 1814 883 1835 res
910 1805 995 1835 enim
1019 1814 1057 1836 ex
1082 1801 1249 1846 inproviso
1275 1803 1382 1842 venit,
1406 1800 1439 1834 id
1465 1805 1513 1833 est
1537 1810 1616 1844 apes
1642 1799 1826 1834 de-bobus.

347 1856 405 1889 Vs.
430 1852 509 1888 556.
559 1850 764 1889 Stridere,
791 1849 914 1882 volare.

347 1902 405 1935 vs.
430 1898 508 1934 558.
564 1898 684 1932 Uvam
711 1895 939 1934 demittere,
964 1895 996 1927 in
1021 1904 1144 1927 morem
1169 1903 1255 1926 uvae
1279 1892 1453 1925 confluere.

351 1948 406 1981 Vs.
432 1944 509 1979 559.
558 1942 666 1978 Haec
689 1951 805 1987 super
831 1951 1013 1974 arvorum
1041 1945 1073 1973 et
1098 1939 1188 1983 reliq.
1214 1941 1315 1980 timet,
1340 1948 1383 1970 ne
1409 1939 1481 1981 quis
1506 1937 1605 1978 ilina)
1631 1936 1753 1970 involet
1776 1947 1859 1981 opus
1884 1947 1979 1971 suum
2004 1943 2037 1972 et
2059 1938 2210 1983 insignat.
2236 1937 2355 1974 Arvo-

217 2007 327 2034 rum,
350 2004 412 2038 per
436 1993 497 2025 hoc
522 1991 683 2035 significat
707 1989 843 2031 primum
877 1987 1010 2028 librum,
1043 1996 1099 2030 per
1131 1995 1253 2029 pecora
1279 1989 1386 2017 autem
1418 1985 1553 2025 tertium,
1579 1988 1610 2016 et
1640 1988 1806 2027 quartum,
1845 1984 1922 2028 quia
1955 1989 1986 2017 et
2016 1994 2096 2028 apes
2122 1994 2248 2029 pecora
2270 1990 2346 2019 sunt

217 2054 274 2087 per
299 2041 432 2075 arbores
458 2038 634 2070 secundum
662 2035 775 2067 librum
800 2033 969 2076 significat.
2346 2010 2356 2028 '

352 2086 406 2119 Vs.
433 2083 511 2118 560.
561 2081 706 2116 Caesar
724 2079 814 2113 dum
827 2085 858 2112 et
875 2079 967 2122 reliq.
986 2083 1112 2111 constat
1129 2078 1285 2121 georgica
1297 2086 1336 2108 eo
1347 2081 1493 2118 tempore
1504 2075 1708 2118 scripta‚qu0
1720 2074 1842 2109 Caesar
1850 2075 2018 2120 Augustus
2029 2077 2132 2120 gessit
2142 2076 2227 2110 bella
2238 2076 2356 2111 civilia.

350 2132 406 2163 Vs.
431 2128 508 2163 561.
563 2127 768 2170 Victorque
795 2125 982 2164 volentes,
1007 2134 1125 2156 nomen
1151 2125 1272 2156 virtutis
1299 2128 1330 2154 et
1354 2123 1495 2155 iustitiae
1516 2121 1584 2160 hic,
1610 2131 1683 2153 nam
1709 2123 1838 2155 vincere
1861 2123 1987 2156 virtutis
2014 2128 2065 2156 est
2102 2122 2254 2158 voluntas
2277 2132 2357 2157 vero

221 2181 360 2213 iustitiae
385 2182 443 2209 est.
470 2194 515 2200 -—
541 2172 769 2210 Fulminat.
794 2171 916 2203 sortiter
941 2176 1082 2214 pugnat3
1108 2167 1365 2214 Euphraten,
1392 2167 1506 2200 fluvius
1532 2168 1673 2200 orientis.
2066 2145 2078 2166 ⁷

188 2253 190 2256 .
353 2223 407 2254 Vs.
433 2220 510 2254 562.
559 2218 639 2253 Per
657 2216 833 2264 populos
859 2216 928 2249 dat
953 2218 1056 2254 iura,
1082 2215 1202 2248 hortari
1227 2214 1367 2258 populos
1395 2213 1482 2253 dicit,
1499 2220 1533 2246 ut
1550 2213 1737 2247 ostenderet
1753 2219 1785 2247 et
1800 2213 1886 2247 illius
1906 2214 2114 2254 felicitatem3
2138 2213 2206 2248 vult
2221 2213 2357 2248 Parthos

221 2274 336 2306 dicere.
362 2287 406 2292 ——
438 2266 572 2306 Viam,
599 2267 682 2298 viam
709 2264 750 2297 ad
773 2273 808 2294 se
831 2262 905 2295 facit
934 2262 983 2294 vel
1008 2261 1209 2294 adscendere
1232 2261 1320 2303 cupit
1343 2259 1384 2293 ad
1409 2259 1546 2292 caelum.
1689 2270 1694 2274 ⁴

353 2314 407 2346 Vs.
432 2311 510 2346 564.
559 2309 836 2352 Parthenope,
872 2308 1067 2348 inebrii49);
1112 2306 1335 2349 Parthenope,
1375 2315 1459 2348 quae
1490 2314 1575 2337 nunc
1599 2303 1752 2348 Neapolis
1764 2308 1837 2348 5⁰),
1865 2307 1899 2339 in
1931 2316 1996 2350 qua
2027 2306 2160 2348 scripsit
2191 2305 2344 2350 Virgilius

223 2362 395 2396 Suetonius
421 2357 623 2401 Tranquillus
634 2357 685 2397 51)
711 2356 787 2387 dicit
813 2353 1036 2396 Parthenopen
1062 2353 1254 2393 Sirenem-2)
1289 2350 1449 2394 sepultam
1474 2351 1507 2382 in
1535 2349 1732 2393 Campaniae
1754 2351 1868 2394 litore,
1893 2362 1913 2384 a
1937 2353 2028 2384 cuius
2051 2353 2185 2385 nomine
2200 2330 2356 2395 Neapolis
2403 2347 2406 2351 ’

222 2407 424 2448 Parthenope
448 2406 587 2437 vocitata
610 2404 805 2435 aestimatur.
832 2418 876 2423 —-
905 2397 1109 2444 lqnobilis,
1133 2399 1292 2442 ingloriae
1318 2398 1446 2441 quietiS,
1472 2396 1524 2428 vel
1549 2395 1737 2440 innobilis
1761 2398 1834 2431 otii
1857 2407 1924 2431 non
1943 2398 2182 2439 convenientis,
2205 2397 2257 2431 vel
2279 2398 2358 2431 artis
2418 2391 2419 2394 ¹

224 2455 369 2497 poeticae
395 2453 493 2483 otium
517 2448 659 2492 ignobile
685 2446 874 2490 appellavit,
898 2437 940 2477 ne
965 2444 1043 2488 qnid
1067 2444 1108 2476 de
1133 2455 1169 2476 se
1192 2444 1354 2476 videretur
1378 2452 1534 2485 arrogans
1560 2442 1681 2475 dicere.

357 2497 411 2528 vs.
436 2495 514 2528 565.
567 2493 774 2531 Carmina,
800 2491 964 2531 bucolic-213
999 2489 1097 2529 lusi,
1130 2493 1247 2532 poetae
1276 2489 1422 2521 dicuntur
1448 2487 1582 2527 ludere,
1618 2488 1749 2531 quando
1773 2488 1930 2521 scribunt.
1976 2487 2104 2528 Auxz‘,
2135 2488 2190 2521 alii
2213 2487 2360 2522 scribunt

224 2544 378 2581 audam
403 2542 574 2583 navique
598 2541 768 2575 iuventa,
797 2537 978 2570 lemnus
1005 2536 1100 2568 dicit:
1126 2536 1195 2568 vult
1220 2546 1257 2567 se
1281 2536 1431 2567 iuvenem
1442 2535 1492 2575 523)
1517 2533 1661 2577 intellegi
1687 2534 1834 2567 bucolica
1851 2534 2150 2577 scripsisse.54)—-
2170 2532 2358 2569 Carmina

224 2597 256 2624 et
279 2588 369 2631 reliq.
395 2587 476 2619 bene
501 2592 532 2618 et
556 2586 692 2618 breviter
717 2584 801 2616 hunc
825 2582 948 2615 titulum
974 2581 1014 2614 de
1038 2583 1165 2624 scriptis
1190 2583 1258 2613 suis
1285 2580 1425 2614 conficit.
1471 2578 1598 2619 Ausci,
1623 2582 1723 2622 prima
1747 2585 1853 2613 aetate
1877 2580 1992 2622 ferox,
2014 2590 2090 2614 nam
2113 2576 2245 2615 XXVIII
2270 2591 2358 2615 anno

225 2635 353 2677 scripsit
377 2632 536 2664 bucolica.
583 2630 841 2663 GAUDENTqu
868 2628 954 2661 dicit.

357 2677 411 2710 Vs.
439 2675 518 2710 566.
569 2674 721 2715 cecini,
744 2675 815 2707 lusi.

217 2733 851 2749 aeae————-——-——-

271 2761 322 2801 37)
349 2758 446 2791 iuni.
470 2755 521 2796 38)
545 2755 581 2787 ln
606 2760 692 2787 textu
715 2754 805 2797 Virg.
830 2752 986 2796 implet,
1013 2754 1044 2785 in
1063 2762 1166 2795 marg.
1184 2762 1241 2795 pro
1258 2761 1328 2785 var.
1345 2750 1417 2784 lect.
1434 2749 1596 2793 opplet.
1622 2749 1672 2791 39)
1697 2749 1732 2782 In
1750 2749 1824 2783 cod.
1842 2754 1874 2794 q.
1898 2750 1948 2792 4⁰)
1965 2755 2070 2784 reta.
2093 2749 2145 2793 41)
2161 2761 2357 2796 capsere.

225 2808 276 2849 42)
303 2806 337 2838 ln
362 2808 449 2836 textu
474 2800 563 2844 Virg.
589 2810 766 2832 munere
783 2804 952 2839 matres,
975 2800 1007 2831 in
1031 2808 1134 2841 marg.
1153 2798 1346 2838 numine,
1376 2797 1449 2830 alii
1474 2806 1653 2828 munere.
1680 2796 1728 2836 ⁴3)
1749 2795 1956 2829 Thraciae
1980 2796 2114 2840 gelid.
2139 2807 2158 2830 a
2181 2807 2280 2831 manu
2303 2807 2360 2832 re·

227 2858 309 2888 cent.
343 2849 462 2883 addita.
512 2847 562 2887 44)
583 2846 618 2879 In
644 2851 747 2877 textu:
775 2845 906 2883 lucis,
941 2845 971 2876 in
1005 2854 1105 2888 marg.
1132 2854 1189 2885 pro
1216 2854 1281 2875 var.
1308 2843 1381 2876 lect.
1409 2843 1532 2885 iugis.
1559 2842 1610 2882 ⁴5)
1634 2843 1826 2884 napeios.
1854 2843 1904 2883 46)
1931 2842 1965 2874 ln
1991 2847 2078 2875 textu
2102 2842 2191 2886 virg.
2218 2843 2359 2887 leg-itum

227 2901 403 2933 intacta.
428 2894 479 2934 ⁴⁷)
504 2892 656 2924 Voluitne
680 2891 836 2922 scribcic:
865 2890 1197 2932 frequentativo
1224 2890 1288 2921 usi
1311 2898 1383 2931 pro
1409 2887 1632 2930 perfecto?
1656 2888 1707 2927 4⁸)
1733 2883 1791 2919 ili.
1815 2888 1866 2928 49)
1894 2886 1978 2927 Quid
2002 2887 2034 2920 hi
2056 2887 2225 2922 Inebrii
2272 2895 2360 2933 quo-

226 2955 296 2978 rum
321 2950 418 2983 saepe
445 2939 478 2972 lit
501 2939 632 2977 mentio,
658 2937 798 2969 scribere
826 2936 993 2977 soluerint,
1027 2936 1181 2968 omissum
1208 2940 1267 2968 est.
1320 2935 1371 2975 50)
1396 2933 1631 2974 necapolis.
1684 2935 1731 2971 51)
1757 2924 2076 2967 Cod.:⁰Sitonius
2102 2913 2358 2968 craneillus·

229 2988 410 3022 emendavit
431 2985 537 3018 locum
562 2982 616 3016 Dr.
643 2983 682 3014 M.
708 2981 802 3013 Hertz
834 2982 865 3013 in
902 2982 982 3013 libro
1016 2981 1120 3023 patrio
1154 2991 1305 3012 sermone
1330 2981 1468 3022 scripto:
1503 2977 1562 3011 Ein
1599 2978 1815 3022 philologisch
1847 2978 2021 3013 clinischer
2044 2978 2206 3024 Streifzug
2247 2990 2280 3023 p.
2302 2959 2360 3015 22:

228 3036 279 3076 52)
304 3033 479 3066 sii-ineu.
528 3029 578 3070 53)
607 3029 794 3061 seiuone
819 3027 1034 3070 intellegi.
1083 3026 1135 3068 54)
1161 3026 1419 3058 scribsisse.
2214 3003 2224 3022 ’
