2430 3177
1203 91 1265 140 14

294 229 360 268 Vs.
392 225 482 268 326.
550 223 779 276 Οοηίυῃίε,
809 226 950 263 terrae.
980 246 1034 250 -—
1065 220 1127 261 Et
1158 220 1312 267 omnis,
1340 219 1459 262 fetus.
1729 242 1733 245 ·

293 284 359 323 Vs.
392 281 485 322 327.
544 280 746 332 Μαφηιε,
777 279 948 331 Iuppiter
978 278 1162 330 quoniam
1187 275 1380 328 praedixit
1400 276 1712 326 ueraeteraew).
1732 298 1787 305 —
1823 273 2010 328 Corpore
2038 288 2111 331 pro
2142 275 2314 330 corpori.

294 340 360 378 Vs.
392 334 484 377 329.
543 334 604 374 Et
644 334 861 377 Venerem,
891 346 985 373 vere
1016 334 1116 373 enim
1146 332 1334 384 incipiunt
1364 334 1494 373 omnia
1523 333 1727 386 generari,
1767 344 1838 385 per
1867 332 2030 373 Veneris
2059 333 2313 375 concubitum

162 394 393 439 coeuntibus
424 395 609 443 quattuor
640 390 866 438 elementiS,
897 389 999 443 igni,
1030 389 1218 435 humore,
1246 392 1371 437 terra,
1403 392 1509 428 aere.
1956 426 1961 427 .
2067 435 2069 437 ,

293 449 358 488 Vs.
390 445 483 488 330.
543 445 705 489 Almus,
735 445 871 485 fertilis
900 445 963 485 vel
993 445 1118 486 almus
1150 443 1197 483 ab
1235 454 1283 483 eo
1308 442 1414 496 quod
1442 443 1521 486 alat
1549 454 1648 493 nos3
1688 442 1946 484 trementibus
1957 442 2018 494 ²¹)
2046 442 2113 484 vel
2138 442 2312 498 tepenti-

160 506 247 546 bus,
278 526 333 532 ——
365 501 573 555 Zephyri,
604 500 761 542 Favoni.

227 594 230 595 γ
294 559 362 598 Vs.
392 556 486 599 331.
545 556 705 594 Humor
717 557 774 606 22)
805 567 885 596 non
915 559 975 595 est
1004 555 1123 596 sicca.

293 615 359 654 Vs.
392 611 486 655 332.
545 610 690 650 Novas
721 610 851 659 soles,
882 610 965 651 dies
997 610 1192 651 vernales.
1771 646 1773 648 .

291 670 357 709 VS.
387 666 480 709 333.
539 665 631 706 Nec
658 667 820 711 metuit,
852 667 943 719 quia
964 678 1046 706 non
1077 670 1167 706 sunt
1196 663 1350 719 frigidi,
1381 665 1446 707 vel
1474 677 1550 707 nec
1577 669 1758 707 metuunt
1787 663 1988 719 surgentis
2017 659 2192 717 pronon
2221 675 2314 706 ine-.-

161 730 275 768 tuunt
327 736 442 764 resur
473 727 552 765 unt.

285 756 359 820 ’Vs.
390 737 482 820 333.
549 776 719 821 Tradit,
751 776 898 825 fundit,
931 776 1018 817 eicit
1047 777 1086 816 in
1115 774 1220 815 folia.
1253 797 1305 803 —
1339 772 1550 821 Gemmae,
1581 787 1762 829 gemmae
1785 775 1850 815 hic
1879 774 2016 815 vitium
2046 773 2166 815 oculi.

293 837 359 876 Vs.
390 832 484 876 336.
543 832 644 871 Non
673 833 792 873 alios.
852 832 1055 872 Adversus
1076 830 1324 882 quorundam
1344 831 1515 883 ineptam
1534 829 1893 883 reprehensionem.
1950 833 2179 870 annmms
2211 829 2316 870 enim

160 893 200 933 in
228 891 326 933 libro
356 891 400 929 V.
414 892 470 938 23)
531 887 652 937 ΑΓΗ)
681 889 845 926 novitas
874 887 1016 925 numdi
1045 899 1176 938 neque
1203 885 1341 924 ciebat
1379 899 1456 924 nec
1486 886 1634 924 nimios
1676 890 1813 925 aestus
1851 898 1927 925 nec
1964 886 2125 938 maynis
2161 882 2316 924 viribus

162 961 294 987 auras.
361 944 511 984 Omnia
541 945 644 981 euim
673 945 836 995 pariter
866 947 1055 981 crescunt
1086 947 1125 980 et
1151 940 1304 980 robora
1333 946 1507 980 sumunt.

295 1002 360 1041 Vs.
392 999 485 1041 338.
544 997 734 1050 Assebat,
764 1004 806 1041 ut
836 999 902 1050 qui
933 999 1074 1038 dicitur
1104 998 1205 1037 diem
1235 997 1379 1038 festum
1411 1009 1532 1051 agere
1545 999 1616 1045 ²⁵).

292 1058 359 1097 Vs.
391 1054 484 1097 339.
549 1053 693 1098 Orbis,
728 1054 920 1103 mundus3
950 1052 1153 1097 hibernis,
1186 1055 1355 1104 asperis,
1388 1054 1600 1102 saevis²⁶).

294 1113 360 1153 Vs.
392 1110 485 1153 340.
550 1108 648 1148 Cum
674 1110 857 1162 primae,
889 1122 976 1150 cum
1007 1110 1195 1162 primuin3
1227 1108 1420 1154 hausere,
1449 1108 1642 1148 biberunt.
1663 1128 1719 1135 ——
1757 1107 1919 1152 Virum,
1947 1107 2139 1148 virorum.

294 1168 361 1208 Vs.
392 1165 485 1208 341.
543 1165 716 1207 Ferrea,
747 1165 921 1205 ferreum
951 1165 1127 1205 seculum
1151 1169 1186 1203 et
1208 1163 1403 1204 Hesiodus
1432 1163 1524 1203 dicit
1545 1174 1614 1216 pro
1637 1163 1864 1203 inmanitate
1894 1167 1933 1203 et
1950 1163 2101 1203 labore.
2125 1179 2176 1193 ο·-
2200 1157 2314 1201 Pro.

161 1225 301 1277 yenies
332 1228 368 1263 et
394 1223 565 1274 reliqua,
597 1221 813 1273 lapidibus,
846 1226 907 1260 ut:
947 1220 1056 1258 umle
1086 1219 1268 1258 homines
1296 1219 1387 1258 nati
1417 1219 1563 1257 durum
1593 1221 1806 1270 927211327).
1964 1254 1968 1256 ,
1995 1252 1998 1255 .
2119 1251 2121 1254 .

293 1280 359 1319 Vs.
392 1276 484 1319 342.
544 1275 758 1319 lnmissae,
791 1281 834 1316 ut
855 1276 975 1328 quieti
1003 1275 1182 1315 homines
1212 1280 1357 1315 essent.
1381 1299 1432 1305 -
1463 1273 1524 1313 Et
1554 1273 1694 1313 sidera
1724 1272 1870 1322 caela,
1897 1273 2003 1314 hunc
2021 1271 2199 1314 ordinem
2214 1280 2316 1325 pro·-

160 1340 248 1390 pter
278 1334 454 1375 Arcades
486 1333 599 1381 dicit,
632 1333 697 1383 qui
727 1332 860 1371 dicunt
891 1332 1004 1371 astris
1036 1331 1109 1382 [se]
1141 1331 1311 1381 lunaque
1340 1330 1507 1383 prioreS.

295 1391 361 1430 Vs.
393 1386 485 1430 343.
545 1386 749 1426 Laborem
778 1387 840 1426 vel
868 1386 1026 1440 frigoris
1058 1386 1120 1425 vel
1150 1386 1305 1426 caloris.

294 1446 364 1486 Vs.
394 1442 488 1485 344.
548 1441 702 1494 Friglus
734 1447 776 1482 ut
806 1442 917 1482 alibi:
960 1442 1135 1493 spiritus
1163 1442 1274 1478 intus
1306 1439 1384 1479 alit
1414 1444 1520 1479 tota.

294 1501 361 1541 Vs.
394 1498 486 1541 345.
551 1496 667 1536 Caeli
699 1497 988 1549 iuclulyemia,
1013 1498 1115 1537 veris
1146 1495 1342 1546 definitio,
1374 1497 1478 1536 veris
1509 1494 1765 1550 indulgentia.

296 1557 363 1596 Vs.
395 1552 488 1596 346.
553 1552 677 1597 Quod
706 1566 851 1604 super,
891 1552 996 1604 quod
1025 1563 1217 1604 sequens3
1245 1563 1426 1603 premes,
1464 1562 1589 1604 pones
1620 1552 1684 1592 vel
1712 1549 1968 1593 infodieS.-—-
2006 1547 2204 1602 Viryulta
2232 1547 2318 1590 sive

165 1613 214 1653 de
243 1612 464 1666 plantariis,
497 1608 583 1648 sive·
609 1608 658 1648 de
687 1608 905 1649 arboribus,

297 1667 363 1707 Vs.
394 1664 487 1707 347.
553 1661 710 1703 Occule
741 1668 872 1711 terra,
902 1667 1062 1715 propter
1091 1661 1329 1702 admittenda
1359 1661 1582 1714 spiramina.

296 1723 364 1762 Vs.
396 1720 489 1763 348.
549 1716 635 1758 Aut
665 1718 869 1769 lapidem,
901 1723 1058 1771 propter
1088 1718 1323 1769 spiramenta
1355 1722 1391 1756 et
1423 1722 1582 1769 propter
1610 1713 1870 1755 hauriendum
1890 1714 2121 1765 humorem,
2151 1714 2187 1755 si
2213 1713 2319 1756 forte

164 1779 292 1821 minus
305 1780 362 1824 ²⁸)
394 1776 523 1818 suerit.
587 1774 844 1826 squalentes,
869 1773 1121 1813 scatebrosas
1148 1773 1209 1812 vel
1228 1771 1421 1811 sordidas.
1442 1793 1496 1800 —
1523 1770 1739 1817 Bibulum,
1768 1771 1834 1821 qui
1855 1772 2058 1811 arenarius
2070 1772 2129 1819 ²⁹)
2161 1769 2317 1812 dicitur.

298 1834 363 1873 Vs.
395 1830 489 1874 350.
548 1831 742 1874 Halitus,
774 1829 933 1881 spiritus
965 1829 1131 1867 animam
1161 1828 1246 1866 istis
1279 1827 1354 1866 dat.
1385 1848 1439 1855 —
1486 1825 1679 1869 Tollent,
1711 1825 1889 1879 erigunt,
1918 1825 1958 1866 id
1988 1830 2050 1866 est
2077 1826 2126 1867 ab
2154 1825 2217 1867 his
2244 1838 2317 1867 re-

165 1892 239 1933 bus
270 1893 428 1931 sumunt
458 1887 829 1942 magnanimitatem.
889 1882 1054 1935 lamque
1083 1882 1265 1933 reperti.
1295 1882 1578 1935 diligentiores.

298 1945 365 1984 Vs.
396 1941 489 1984 352.
547 1943 624 1983 Alii
655 1940 875 1983 munimen,
905 1939 945 1979 id
976 1943 1035 1977 est
1064 1950 1135 1990 pro
1165 1938 1293 1977 nimiis
1323 1937 1464 1989 pluviis
1477 1938 1550 1988 ³⁰).

297 2000 364 2039 Vs.
395 1996 489 2039 353.
548 1995 730 2041 Hiulca,
763 1995 907 2044 divisa,
938 1994 1108 2042 hiantia3
1138 1994 1211 2031 siti
1240 1992 1279 2032 id
1309 1997 1369 2032 est
1399 1997 1550 2033 aestate
1581 1995 1619 2032 et
1647 1990 1849 2033 laboribus
1878 1991 2031 2033 validis.

299 2055 365 2095 Vs.
397 2051 491 2094 355.
550 2051 712 2095 Baros,
744 2051 889 2100 forteS,
921 2050 1126 2099 inversos,
1160 2053 1202 2088 ut
1229 2047 1359 2100 frangi
1389 2050 1514 2101 possit
1544 2053 1647 2088 terra
1658 2060 1669 2097 ;
1700 2047 1862 2087 iactare
1882 2046 2092 2092 bidentes,
2121 2045 2172 2088 ad
2199 2058 2317 2089 com-

168 2110 383 2153 movendas
413 2109 549 2162 glebas
579 2107 758 2159 pertinet.

299 2167 364 2205 Vs.
395 2162 491 2205 357.
549 2163 739 2202 Flectere
768 2173 857 2202 cum
888 2159 1057 2212 quadam
1086 2158 1238 2199 ratione
1267 2157 1435 2206 ducere,
1479 2169 1531 2197 ne
1559 2162 1695 2198 tenera
1724 2156 1856 2200 adhuc
1881 2155 2051 2212 virgulta
2079 2157 2316 2200 concutiant.

167 2246 220 2254 —
250 2220 491 2263 metantis,
522 2231 601 2260 non
629 2217 811 2258 luctantis
843 2228 1000 2264 secum,
1033 2214 1104 2254 sed
1134 2227 1223 2255 cum
1252 2213 1478 2262 bubulis³¹)
1508 2213 1670 2254 viribus.

300 2277 366 2316 Vs.
397 2273 490 2316 359.
551 2273 730 2322 Furcas,
760 2272 942 2311 bicornes
954 2272 1023 2319 3²).
1594 2307 1596 2309 ,

299 2333 365 2371 Vs.
397 2328 491 2371 360.
561 2327 726 2368 Viribus
758 2326 883 2371 eniti,
914 2325 976 2366 hic
1006 2326 1176 2377 loquitur
1207 2323 1256 2364 de
1291 2324 1415 2365 vineis
1446 2323 1628 2374 arbiteis3
1675 2323 1780 2363 eniti
1809 2322 2044 2365 adminicula
2081 2321 2238 2375 vitium,
2278 2322 2319 2364 id

170 2392 229 2430 est
285 2387 447 2428 almites.
1987 2402 1990 2404 ,
2243 2399 2245 2402 .

257 2401 280 2441 p
302 2443 367 2480 Vs.
399 2438 491 2481 361.
555 2437 762 2477 Tabulata
792 2440 884 2477 sunt
914 2435 1119 2476 effusiores
1149 2436 1246 2475 rami
1276 2436 1315 2475 in
1343 2434 1459 2488 plana
1478 2435 1685 2475 tendentes
1713 2445 1793 2475 non
1817 2434 1856 2474 in
1887 2433 2092 2482 altioraffl)
2123 2442 2316 2476 crescon-o

171 2503 244 2539 tes.
270 2520 319 2526 -
356 2494 584 2538 Tabulata,
614 2494 713 2533 inter
742 2503 874 2532 ramos
906 2491 1012 2543 quod
1042 2496 1101 2530 est
1129 2491 1374 2531 intervallum
1405 2491 1443 2530 in
1474 2491 1680 2531 arboribus
1711 2490 1928 2530 tabulatum
1958 2489 2109 2530 dicitur.

303 2552 370 2590 Vs.
403 2548 492 2590 363.
553 2547 833 2592 Parcendum,
864 2547 971 2586 initia
999 2558 1079 2586 non
1108 2545 1323 2596 incitanda,
1355 2550 1398 2586 ut
1426 2545 1580 2586 radices
1610 2545 1733 2586 robur
1758 2544 1964 2597 accipiant.

303 2607 370 2646 Vs.
401 2602 492 2644 364.
552 2602 638 2641 Per
661 2615 835 2654 purum,
867 2606 1012 2641 aerem.
1439 2608 1443 2612 '
1832 2639 1841 2645 ,
2295 2618 2300 2620 -

304 2661 370 2704 Vs,
403 2657 495 2700 365.
554 2657 674 2708 Ipsa,
711 2659 752 2698 in
789 2658 893 2710 ipsa,
933 2657 1039 2696 acies
1068 2659 1211 2697 neutro
1249 2667 1417 2710 genere,
1449 2667 1538 2695 cum
1577 2653 1626 2695 de
1663 2654 1806 2696 vitibus
1844 2654 2093 2707 loqueretur,
2131 2654 2318 2708 quoniam

140 2760 142 2762 ,
171 2718 350 2771 superius
381 2715 476 2757 dixit
501 2714 666 2767 flectere
696 2713 894 2752 luctantis
924 2711 963 2752 id
991 2717 1052 2753 est
1079 2713 1231 2762 vineta3
1272 2711 1335 2752 vel
1364 2711 1413 2751 ad
1440 2710 1589 2751 semina
1616 2710 1771 2762 retulit,
1810 2721 1900 2751 cum
1929 2709 2070 2751 dixerit
2097 2708 2317 2749 seminibus

307 2861 358 2902 20)
385 2859 552 2894 voluitne:
579 2867 682 2891 vere
708 2862 869 2889 tument
896 2856 1075 2889 terrae?
1123 2856 1174 2897 21)
1200 2855 1290 2888 alat
1312 2857 1414 2888 niae
1437 2854 1670 2888 mentibus.
1706 2854 1759 2896 22)
1784 2853 1920 2887 Vmor.
1956 2851 2007 2896 23)
2031 2841 2214 2896 Lucret.v4
2235 2849 2317 2887 816.

174 2909 294 2947 24)ιιῑ.
333 2907 382 2946 25)
400 2905 602 2939 interlineas
622 2914 639 2936 a
657 2913 752 2935 manu
769 2904 946 2936 recentiore
963 2902 1183 2946 adscriptum:
1211 2901 1505 2942 Crediderim,
1531 2901 1846 2934 concessivum
1870 2899 2049 2933 verbum
2073 2910 2151 2943 pro
2175 2898 2316 2933 credo.

173 2954 225 2995 26)
252 2954 411 2985 caesis.
459 2951 509 2992 2⁴1)
535 2949 654 2993 Georg.
679 2947 711 2990 1,
737 2946 791 2982 63.
835 2947 1198 2990 2⁵³)sorte1nmius.
1246 2947 1297 3001 2⁰.)
1323 2947 1598 2980 harenarius.
1649 2944 1702 2987 3⁰)
1726 2945 1761 2979 ln
1787 2956 1883 2979 versu
1907 2951 2026 2989 poetae
2049 2946 2203 2990 scriptum
2226 2948 2316 2978 mu·

174 3001 333 3038 nimen,
366 2996 424 3029 sed
459 2998 490 3028 in
530 2997 674 3039 margine
711 2994 751 3028 ab
777 2994 889 3029 eadem
917 3003 1013 3027 manu
1042 2995 1234 3036 munine‚
1272 3005 1293 3027 ι.
1320 3003 1350 3026 e.
1375 2993 1566 3026 munimine.
1626 2991 1925 3035 ³1Jbobu1eis.
1987 2991 2040 3034 32)
2065 2990 2314 3025 hincm-nes.
2380 3000 2384 3002 ·

175 3046 226 3087 33)
251 3054 333 3077 non
358 3042 532 3075 altiora.
