2430 3177
1145 121 1215 169 27

1043 191 1308 209 Μ

225 260 294 300 Vs.
326 259 391 301 29.
447 257 668 310 Daphnis,
700 258 811 299 deest
840 268 945 297 nam.
1004 253 1244 310 Armenias,
1271 255 1457 308 reliquias
1486 255 1614 296 Liberi
1643 255 1776 307 patriS,
1808 267 1905 307 quas
1938 259 1992 305 ¹1)
2023 257 2142 300 Iulius
2174 261 2250 301 de-

96 316 207 356 duxit
243 315 292 355 de
319 315 503 355 Armenia
537 315 586 354 ad
620 313 796 354 Romam.
875 310 1031 361 Carra,
1063 325 1134 366 pro
1165 314 1296 354 currui
1327 311 1368 351 id
1397 316 1479 362 est,
1519 311 1708 359 immanes
1739 312 1840 351 enim
1870 315 1909 350 et
1937 312 2042 353 feros
2072 314 2251 355 homines

96 371 228 411 docuit
256 371 498 423 religionem.
522 372 576 418 12)
612 392 662 397 -
692 365 905 406 Armenias
936 368 1092 419 tiores,
1130 369 1232 418 vult,
1273 367 1362 418 quia
1402 367 1503 406 inter
1530 371 1710 417 pastores
1741 365 1913 419 Daphnis
1953 369 2099 419 primus
2131 370 2252 422 tigres

94 425 255 475 domuit,
277 425 340 465 vel
360 425 569 478 allegorice
588 424 638 464 de
656 424 752 463 Iulio
770 421 955 475 intellegi,
988 423 1094 474 quod
1113 423 1318 462 Armenias
1339 422 1475 473 tigres,
1505 420 1546 460 id
1568 426 1640 469 est,
1671 420 1774 460 feras
1797 426 1934 474 gentes
1955 422 2187 474 perdomuit.
2201 449 2254 457 —

100 478 268 531 Tiqres,
307 480 473 531 bestias,
509 492 588 521 non
625 480 792 531 primuS,
833 477 924 529 quia
963 478 1061 518 alius
1101 480 1222 532 tigres
1261 477 1430 526 domuit,
1470 475 1541 515 sed
1570 477 1670 515 inter
1698 481 1878 527 pastores
1913 479 2076 529 primus.
2136 493 2251 519 mm-

94 547 186 575 mus
218 535 321 575 dicit.

226 591 292 629 Vs.
322 587 388 631 30.
448 588 662 638 Instituit,
702 588 860 628 invenit.
918 586 1114 639 Daphnis
1153 587 1339 632 thiasos3
1373 585 1494 626 Iulius
1530 585 1632 625 enim
1669 585 1854 635 reliquias
1892 585 2019 626 Liberi
2057 588 2178 640 patris
2218 594 2256 630 et

94 656 207 686 sacra
245 645 409 686 Romam
430 647 484 693 ¹³)
525 643 698 684 adduxit.
773 641 972 695 Thiasos,
1009 643 1145 683 hastas
1181 643 1300 683 variis
1336 641 1450 681 sertis
1489 640 1666 689 indutas,
1705 640 1847 691 quibus
1888 641 2088 693 Bacchae,
2126 643 2165 683 id
2197 648 2258 683 est

93 700 276 739 mulieres
316 700 552 740 bacchantes
575 702 630 746 ¹4)
670 698 708 737 in
740 698 862 738 sacris
892 698 1019 739 Liberi
1047 699 1166 750 patris
1197 697 1418 737 utebantur.
1477 696 1562 736 Hoc
1600 706 1725 749 genus
1762 695 1843 735 ludi
1879 708 1990 736 more
2025 699 2256 737 certantium

93 753 313 794 bacchintia
343 759 479 794 coetus
509 754 703 806 virginum
732 753 795 792 vel
822 766 1033 805 puerorum
1053 753 1328 794 bacchantium
1346 751 1619 805 plangentibus
1638 750 1833 802 nymphis.
1855 774 1908 780 —
1933 751 2050 791 Item:
2083 752 2256 804 thiasos,

95 809 334 850 saltationes
412 809 510 850 Sunt
546 810 649 847 enim
695 808 810 848 thiasi
846 814 983 850 coetus
1020 809 1217 861 virginum
1264 813 1382 859 atque
1418 817 1631 859 puerorum
1668 804 1941 846 bacchantium
1984 806 2256 861 plangentibus

94 864 288 916 nymphis.
347 862 528 908 Bacchi,
558 863 686 903 Liberi
714 863 848 916 patris,
881 866 984 915 quia,
1016 869 1225 916 postquam
1254 863 1398 902 libabat
1419 865 1475 910 ¹⁵)
1507 861 1652 912 vinum,
1683 860 1959 902 bacchabatur.

227 918 294 958 Vs.
326 916 391 960 31.
452 918 658 962 Intexere,
688 919 866 972 inligare,
897 921 1111 960 innectere.
1835 918 1838 921 ⁴

228 973 295 1013 Vs.
327 972 392 1015 34.
456 972 567 1018 Tuis,
600 974 825 1026 parentibus
856 974 910 1014 sis
939 975 1129 1027 propitius
1159 973 1248 1014 tuis.
1314 971 1528 1015 Tulerunt,
1560 970 1815 1011 abstulerunt.

227 1028 295 1069 Vs.
326 1027 393 1070 35.
451 1027 593 1073 Pales,
624 1029 697 1069 dea
727 1029 885 1082 frugum
915 1029 979 1070 vel
1007 1029 1251 1082 pabulorum,
1282 1029 1344 1068 vel
1375 1027 1448 1067 dea
1473 1027 1695 1079 pastoralis,
1725 1031 1769 1066 ut
1797 1026 1997 1079 putabant.

228 1085 294 1124 Vs.
326 1082 392 1126 36.
455 1083 647 1124 Grandia
675 1096 798 1134 saepe
829 1083 996 1136 quibus,
1027 1089 1155 1124 morte
1183 1083 1312 1124 Flacci
1339 1083 1403 1122 vel
1430 1082 1516 1122 Iulii
1544 1082 1727 1121 universa
1759 1085 1907 1121 mutata
1936 1087 2048 1133 sunt,
2091 1083 2190 1124 adeo
2216 1089 2260 1126 ut

95 1139 279 1180 sterilitas
309 1139 431 1180 ficret.
996 1171 999 1175 .

231 1195 296 1233 Vs.
327 1192 392 1234 37.
452 1192 637 1244 Infelix,
678 1191 830 1240 sterile,
871 1195 915 1230 ut
953 1203 975 1231 e
1010 1192 1208 1231 contrario
1247 1190 1343 1230 felix
1379 1187 1606 1229 fecundum.
1666 1187 1857 1233 Latium,
1889 1190 2095 1232 zizanium.
2121 1196 2174 1242 16)
2206 1216 2261 1224 -

97 1247 258 1300 Infelix
289 1247 453 1293 lolium,
484 1248 575 1299 quia
606 1249 671 1299 qui
702 1245 960 1294 manducant,
993 1247 1221 1286 coecitatem
1252 1246 1463 1297 patiuntur.
1522 1241 1710 1289 Arenae,
1740 1244 1861 1284 herba
1891 1247 2085 1286 messibus
2106 1249 2259 1289 nociva.

229 1304 294 1343 Vs.
326 1301 391 1344 38.
451 1302 593 1352 Molli,
624 1313 831 1354 purpurea.
854 1324 903 1330 -—-
927 1299 1164 1352 Purpureo,
1194 1301 1370 1353 pulchro.
1429 1297 1644 1343 Narcisso,
1674 1311 1772 1351 puer
1802 1302 1841 1340 in
1873 1300 2009 1340 florem
2030 1314 2260 1343 conversus.
2331 1328 2334 1329 ν

232 1359 298 1398 Vs.
330 1356 395 1399 39.
460 1356 648 1396 Carduns
679 1361 720 1395 et
749 1356 881 1407 spinis
912 1358 1050 1408 sui-yit
1078 1356 1271 1407 paliurus
1302 1355 1448 1394 acutis.
1488 1355 1638 1396 Sensus
1670 1359 1749 1394 est:
1781 1360 1870 1407 post
1899 1356 2048 1396 obitum
2077 1358 2260 1410 Daphni-

95 1413 190 1509 gisi]
214 1413 264 1508 idS
284 1413 522 1509 ‘ihbsFalaoei’
561 1414 711 1463 omnia,
753 1424 855 1464 quae
882 1411 1052 1453 secunda
1082 1417 1212 1462 erant,
1251 1411 1397 1451 sterilia
1433 1414 1536 1450 sunt.
1605 1409 1789 1449 sommus
1819 1410 1923 1451 dicit.
1955 1433 2008 1441 —
2047 1410 2260 1458 Paliarns,

125 1481 166 1509 er
195 1481 296 1565 ἂνξ.
327 1499 418 1565 40..
456 1523 659 1575 Spargite
687 1522 847 1561 humum
872 1521 1015 1573 foliis,
1056 1533 1182 1576 genus
1214 1522 1391 1573 planctus
1423 1524 1494 1569 est,
1514 1523 1569 1569 17)
1600 1519 1770 1571 hoc—vesi,
1802 1520 1972 1572 desuper
2001 1534 2260 1577 congregare,

97 1579 160 1619 vel
188 1579 351 1642 humum
379 1591 499 1632 super
525 1579 618 1619 folia
649 1578 782 1631 spargi
811 1577 914 1618 dicit.
944 1599 999 1607 —
1029 1576 1241 1620 Inducite,
1271 1576 1383 1615 idem
1414 1577 1536 1628 tegite
1561 1577 1616 1623 ¹⁸)
1661 1575 1922 1616 Circumflfflis
1963 1582 2001 1617 et
2026 1578 2260 1619 circumfixis

96 1634 314 1729 arboriztgs.
327 1687 393 1732 41·
455 1688 638 1729 Mandat
663 1675 758 1741 »fieri
787 1686 868 1725 sibi
899 1686 1109 1739 Daphnis,
1143 1697 1300 1727 carmen
1328 1689 1421 1738 post
1449 1689 1628 1725 mortem.
1661 1708 1714 1714 —
1750 1683 1887 1737 Talia,
1917 1686 2086 1727 funesta.

229 1745 296 1785 Vs.
326 1743 391 1786 42.
447 1744 624 1788 Addite,
656 1743 948 1796 superscribite.
972 1766 1022 1772 —
1050 1740 1235 1785 Carmen,
1265 1739 1515 1794 epitaphium,
1545 1740 1622 1781 hoc
1652 1745 1712 1781 est
1741 1742 1780 1781 in
1800 1741 1957 1795 eulogio
1985 1742 2263 1795 superscribite

96 1799 196 1840 duos
224 1812 364 1841 versus
399 1806 621 1853 sequentes.

166 1875 173 1881 s
229 1856 296 1895 Vs.
326 1854 393 1896 43.
452 1854 648 1906 Daphnis
678 1867 757 1906 eyo
788 1858 827 1894 et
855 1853 1027 1906 reliqua,
1067 1854 1117 1893 sit
1142 1854 1331 1905 scriptum
1361 1854 1481 1903 supra
1516 1853 1721 1892 tumulum.
1789 1850 1896 1892 Haec
1925 1852 2138 1906 allegorice
2165 1852 2261 1893 Iulio

99 1912 338 1952 conveniunt
366 1912 430 1952 vel
457 1911 611 1952 Flacco.
642 1932 697 1939 —-
726 1908 776 1947 In
807 1908 938 1956 silvis,
966 1910 1006 1949 in
1035 1908 1144 1949 silvis
1174 1908 1338 1960 positus.
1377 1904 1494 1946 Hinc
1523 1920 1651 1960 usqae
1683 1906 1740 1945 acl
1767 1906 1906 1945 sidera
1935 1913 2070 1952 notus,
2101 1912 2144 1949 ut
2173 1908 2263 1948 alibi

93 1965 208 2015 fama
236 1979 360 2017 saper
399 1965 568 2005 aethera
597 1969 743 2009 notus,
782 1968 848 2004 aut
878 1965 968 2016 quia
998 1964 1114 2015 deus,
1155 1968 1223 2004 aut
1258 1963 1348 2015 quia
1384 1962 1542 2002 futurus
1584 1968 1679 2004 erat.
1739 1974 1921 2002 nmmos
1953 1963 2056 2003 dicit.
2097 1985 2152 1992 ——
2192 1962 2262 2001 Aa

96 2019 250 2065 Sidera,
285 2023 374 2073 quia
405 2021 503 2062 deus
528 2020 685 2061 futurus
715 2016 1023 2060 existimabatur.

232 2077 297 2116 Vs.
327 2075 395 2117 44.
455 2076 645 2115 Formosi
670 2076 864 2127 pecoris,
900 2074 1065 2115 Romani
1099 2073 1244 2127 populi.
1314 2072 1355 2114 Si
1394 2071 1443 2113 ad
1475 2071 1684 2115 Caesarem
1712 2071 1883 2122 referas,
1915 2072 2000 2120 ,hoc
2030 2073 2139 2113 dicit:
2169 2073 2260 2113 boni

96 2132 230 2184 populi
259 2134 428 2186 optimus
457 2133 682 2184 imperator.
710 2153 765 2160 —-
796 2130 960 2183 Semper
987 2130 1266 2184 epigrammata
1296 2132 1439 2179 amant,
1469 2132 1513 2167 ut
1541 2127 1698 2168 Aeneas
1728 2127 1827 2168 haec
1856 2128 1905 2168 de
1934 2128 2092 2169 Danais.

231 2187 297 2228 Vs.
328 2187 395 2229 45.
460 2186 583 2231 Tale,
615 2186 742 2227 dulce.
777 2190 780 2193 “

231 2243 297 2284 Vs.
328 2241 394 2285 46.
454 2242 503 2281 In
532 2243 730 2295 yramine,
759 2241 800 2281 in
827 2253 980 2294 campo.

230 2299 297 2339 Vs.
328 2298 396 2340 47.
456 2298 745 2350 Restinyzcere,
775 2296 965 2337 infinitivo
996 2295 1128 2336 modo.
1157 2316 1213 2323 -
1245 2292 1450 2338 Saliente,
1479 2294 1666 2334 scatente.
1681 2297 1736 2342 19)

232 2354 297 2395 Vs.
327 2353 395 2396 48.
458 2352 654 2405 Calamis,
683 2352 851 2404 scriptis.
872 2374 928 2380 —
946 2349 1225 2403 Aeqniparas,
1258 2361 1336 2401 quo
1366 2350 1560 2401 aequaris,
1593 2349 1819 2389 adsimulas.
1858 2346 2103 2401 Aequiparas
2134 2361 2259 2389 accu-

97 2407 222 2448 sativo
250 2422 345 2450 casu
373 2414 411 2451 et
440 2410 608 2451 ablativo
639 2408 769 2449 servit.
838 2406 961 2453 Voce,
992 2410 1120 2447 cantu.
1180 2403 1443 2457 Μαρίαν-απτ,
1475 2404 1735 2444 Theocritum.
1792 2401 2015 2457 Allegorice
2045 2404 2136 2445 dicit
2164 2404 2259 2445 Vir-

127 2463 213 2504 ilius
244 2464 294 2506 de
321 2465 541 2507 Theocrito.
1386 2476 1389 2479 ’

98 2475 124 2516 g
230 2521 297 2562 Vs.
327 2519 394 2562 49.
452 2520 698 2563 Fortunate,
728 2518 919 2560 honorem
950 2521 1131 2570 coeptum
1161 2519 1305 2557 servat.
1334 2538 1387 2544 —
1418 2511 1540 2553 Alter
1569 2511 1619 2552 ab
1651 2512 1743 2558 illo,
1774 2512 1972 2555 secundus
1994 2527 2016 2555 a
2036 2514 2257 2556 Theocrito,

232 2575 299 2616 Vs.
330 2574 395 2618 50.
452 2574 634 2619 Nostra,
665 2575 850 2615 carmina.

232 2630 298 2671 Vs.
330 2631 394 2672 51.
460 2630 664 2670 Tollemus
693 2630 748 2669 ad
779 2634 903 2674 astra,
933 2628 1193 2670 immortalem
1222 2625 1424 2667 faciemus.

233 2686 299 2725 Vs.
331 2684 397 2727 53.
457 2685 618 2730 Maius,
650 2686 800 2725 melius.

234 2742 300 2781 Vs.
333 2740 396 2781 54.
454 2741 514 2781 Et
541 2754 644 2793 puer
675 2741 754 2779 iste
779 2740 890 2793 fait,
919 2739 1037 2780 modo
1066 2737 1252 2790 DaphniS,
1283 2736 1347 2776 vel
1373 2735 1550 2787 Flaccus,
1579 2746 1659 2775 non
1693 2733 1825 2774 Iulius,

235 2797 301 2837 Vs.
333 2794 398 2836 55.
460 2796 676 2839 Stirizicleo,
707 2801 835 2849 poeta,
866 2795 929 2835 vel
956 2799 1092 2847 pastor
1122 2798 1160 2832 et
1187 2793 1272 2844 ipse
1301 2803 1399 2844 puer
1427 2790 1512 2832 fuit.
1569 2790 1766 2844 Figuravit
1786 2801 1930 2830 nomen
1950 2789 2058 2831 Echo
2087 2789 2258 2843 nympha

103 2853 340 2893 resonando.
375 2877 424 2882 -
460 2851 677 2895 Stimicho,
710 2852 822 2903 quasi
850 2851 1072 2891 stimulante
1100 2847 1222 2888 Echo.

238 2996 288 3035 11)
315 2994 416 3029 Cod.:
443 3004 560 3039 quae.
608 2994 658 3036 12)
684 2993 784 3029 Cod.:
808 2994 903 3027 fero
928 2993 1122 3026 homines
1148 2991 1303 3025 «locuit
1326 2989 1604 3034 religionem.
1663 2988 1841 3031 13)'C0d.:
1865 2998 2021 3021 romae.
2078 2989 2128 3031 14)
2153 2987 2255 3022 Cod.:

107 3042 310 3075 mulieres
336 3040 637 3074 dibachantis.
685 3041 735 3081 15]
763 3039 862 3074 Coch:
890 3040 1070 3074 libebat.
1101 3038 1151 3080 16)
1177 3036 1280 3072 Cod.:
1305 3038 1544 3081 zyzaniam.
1576 3036 1627 3078 17)
1653 3034 1753 3069 Cod.:
1781 3035 1954 3078 plactus
1981 3039 2054 3068 est.
2087 3035 2137 3077 18)
2156 3034 2255 3069 Cod.:

109 3089 245 3132 tigite.
295 3087 343 3128 19)
371 3086 472 3121 Cod.:
501 3092 744 3120 scantente.
1782 3124 1844 3166 43:-
