2430 3177
1207 78 1268 123 12

296 215 361 254 Vs.
393 211 485 254 256.
544 208 723 256 Piceae,
753 208 886 256 ubi⁹2)
918 206 1021 247 enirn
1049 205 1125 246 hae
1152 209 1391 257 nascuntur,
1421 205 1661 260 intellegitur
1689 211 1795 247 terra
1825 218 1917 249 esse
1945 207 2169 263 frigida⁹³).

295 270 362 311 Vs.
395 266 487 308 257.
546 263 771 308 Pandunt,
803 262 1026 304 ostendunt.
1085 258 1270 312 Niyrae,
1303 261 1408 312 quia!
1424 266 1462 301 et
1491 262 1604 302 albae
1632 267 1737 303 sunt.

302 325 366 363 vs.
398 319 491 362 259.
552 319 632 358 His
663 317 981 363 animadversis,
1010 321 1054 358 ut
1080 317 1166 369 agri
1196 315 1419 366 qualitatem
1452 316 1736 369 deprehendas.

298 379 363 417 Vs.
396 374 489 418 260.
548 375 800 427 Excoquere
844 377 884 411 et
925 384 1096 424 maynos
1136 374 1174 410 et
1211 370 1386 422 reliqua,
1417 376 1461 411 ut
1490 379 1735 423 excoquatur
1764 384 1787 412 a
1816 371 1924 422 sole;
1965 372 2197 424 excoquitur
2235 376 2314 414 tam

166 434 315 487 frigore
344 444 461 484 quam
493 431 647 480 calore,
680 430 844 471 dicimus
875 432 983 468 certe
1014 427 1196 468 deustum
1226 425 1375 479 frigore
1394 426 1510 466 holus
1540 439 1684 480 resque
1715 428 1822 469 alias.
1883 427 2053 469 Scrobes
2084 432 2214 468 autem
2236 439 2314 467 ex-

165 490 279 540 coqui
311 487 495 527 dixerunt
523 497 683 534 omneS,
717 485 782 536 qui
812 483 1030 537 georgicon
1061 482 1325 533 scripserunt,
1358 493 1427 534 pro
1459 484 1627 534 excoqui
1658 483 1801 523 debent
1830 481 1980 537 frigore
2009 487 2048 522 et
2074 481 2160 522 sole
2189 487 2228 523 et
2256 482 2316 523 sic

163 544 314 595 plantas
346 543 538 593 accipere.
597 539 712 589 Quod
742 552 830 579 cum
860 541 912 580 ita
943 539 1015 588 sit,
1046 537 1255 590 posteritas
1285 537 1389 576 inest
1418 537 1553 577 sensui
1563 550 1576 586 ;
1606 538 1693 589 plus
1724 539 1825 578 enim
1857 538 1989 578 debuit
2019 537 2163 587 dicere,
2193 548 2314 578 scro-

163 598 276 638 bibus
308 597 572 637 concidendos
605 607 694 635 esse
723 598 878 635 montes
910 605 1026 645 quam
1057 597 1201 632 terram
1233 592 1544 644 excoquendam.
1604 593 1804 644 Solenw)
1843 598 2069 646 praeterea,
2109 592 2176 644 qui
2205 592 2316 632 cele-

163 654 245 693 rius
277 653 375 692 vites
407 657 473 693 aut
501 650 749 692 arbusculam
781 649 907 703 magis
936 660 1083 702 ponere
1113 647 1270 696 volunt,
1300 646 1507 687 intendere
1537 649 1714 698 scrobeS‚
1745 650 1802 689 uti
1822 650 1907 688 vice
1933 648 2029 689 solis
2058 651 2126 688 aut
2154 647 2318 700 pruinae

165 712 419 761 excoquatur.
450 729 505 735 —
534 705 764 757 Excerpe&
797 709 908 744 verte
938 708 976 742 et
1006 715 1098 753 ara,
1129 714 1201 755 per
1230 702 1362 755 ignem
1394 702 1495 741 enim
1528 704 1763 757 excoquitur
1792 704 1940 745 vitium.

296 763 364 803 Vs.
397 760 489 802 261.
549 760 781 813 Aquiloni,
810 759 938 798 hieme
968 770 1103 806 arare3
1134 755 1305 808 ylebas,
1336 757 1519 809 cespites,

296 818 362 857 Vs.
395 815 488 857 263.
552 815 807 867 Gelidaeque
832 814 1036 865 pruinae,
1069 813 1181 852 deest
1210 810 1372 852 faciunt.

296 872 363 914 Vs.
396 870 487 912 265.
556 870 697 915 Viros,
718 870 768 909 'id
799 874 859 909 est
890 869 1151 919 experientes

296 927 364 967 Vs.
397 924 491 968 266.
550 924 659 965 Ante
689 925 824 963 locum
853 922 1048 967 similem,
1088 923 1127 962 in
1158 921 1414 962 translatione
1450 921 1635 963 arborum
1663 922 1829 962 similem
1859 926 2003 964 terram
2040 921 2317 976 requirendam

166 993 256 1024 esse
287 981 379 1022 dicit
418 987 456 1022 et
487 982 584 1022 caeli
620 986 780 1034 partem.
811 1002 866 1008 —
914 977 992 1017 Ubi
1019 978 1156 1029 prima
1181 980 1355 1027 paretur
1388 981 1426 1016 et
1455 977 1630 1029 reliqua,
1670 978 1875 1031 plantaria
1897 978 1937 1018 in
1975 977 2113 1018 eadem
2153 978 2317 1032 regione

166 1049 276 1087 esse,
308 1042 375 1077 aut
406 1037 590 1089 quoniam
621 1036 786 1076 diversis
816 1034 914 1074 locis
954 1034 1053 1073 vites
1085 1037 1319 1083 ceteraeque
1348 1032 1504 1083 plantae
1534 1032 1688 1074 adlatae
1718 1033 1803 1085 ipsa
1831 1034 2005 1074 novitate
2033 1033 2209 1074 locorum
2240 1031 2317 1073 de-

168 1094 335 1134 teriores
366 1091 484 1142 fiunt,
517 1093 781 1143 quoniamque
810 1090 850 1130 in
878 1088 1148 1142 frigidioribus
1177 1087 1273 1128 locis
1303 1092 1420 1128 natae
1449 1092 1562 1139 sunt,
1592 1087 1757 1129 calidam
1777 1089 1979 1142 regionem
2008 1100 2090 1129 non
2110 1088 2318 1139 sustinent,

165 1160 238 1190 nec
266 1149 306 1188 in
337 1147 586 1187 calidioribus
615 1146 810 1199 frigidam.
981 1179 990 1185 .

301 1203 368 1242 Vs.
400 1201 492 1242 267.
556 1201 683 1253 Seyes
715 1213 785 1253 pro
816 1204 921 1241 terra
950 1198 1177 1239 translative
1205 1197 1269 1239 vel
1298 1208 1415 1252 seges
1447 1197 1653 1251 dispositio
1683 1198 1889 1248 arborum,
1929 1210 2047 1253 seges
2083 1198 2187 1238 enim
2215 1207 2317 1249 prq-
2361 1201 2365 1204 ’

168 1258 251 1313 prie
278 1258 434 1299 messis.
492 1257 598 1297 Bene
627 1262 802 1309 segetem
834 1255 1040 1309 appellavit
1069 1254 1265 1305 loquutus*
1288 1253 1337 1293 de
1365 1254 1515 1293 semine
1547 1253 1744 1295 arborum.
1775 1277 1829 1282 —
1867 1251 2069 1306 D‘iyestffi
2098 1252 2289 1294 ordinata.

300 1313 366 1353 Vs.
399 1310 492 1353 268.
553 1311 756 1362 Matrem,
787 1316 829 1351 ut
859 1310 1058 1361 antiquam
1090 1310 1269 1360 exquirat
1281 1312 1336 1358 ⁹⁵)
1369 1313 1557 1360 matrem,
1588 1309 1627 1349 id
1657 1313 1719 1349 est
1747 1313 1790 1349 ut
1819 1310 1858 1350 in
1888 1313 2048 1363 qua90).

302 1368 368 1408 Vs.
402 1365 495 1408 269.
554 1365 603 1404 In
635 1366 817 1410 cortice,
849 1366 921 1406 sub
953 1365 1089 1404 eadem
1120 1365 1246 1417 plaga.

299 1424 365 1462 Vs.
398 1421 490 1463 271.
549 1422 794 1464 Austrinos,
826 1420 1077 1461 meridianam
1108 1423 1271 1472 partein.
1301 1441 1356 1449 —
1384 1417 1490 1463 Axi,
1522 1419 1620 1460 caeli
1649 1419 1918 1473 septentrioni.
2048 1466 2052 1470 ¹

301 1478 368 1518 Vs.
399 1476 491 1518 273.
556 1475 770 1520 Collibus,
798 1481 843 1524 ut
873 1487 991 1527 supra
1022 1475 1202 1526 denique
1232 1486 1402 1525 asperos
1433 1472 1632 1513 Bacchus
1663 1479 1772 1513 amat
1804 1474 2013 1526 collesw).

305 1534 373 1575 Vs,
405 1531 497 1573 274.
562 1532 745 1576 Quaere,
777 1531 1008 1579 considera3
1038 1528 1266 1574 metabere,
1297 1530 1528 1581 metaberis,
1560 1529 1598 1569 id
1629 1534 1690 1570 est
1719 1530 1906 1584 dispones
1937 1535 1976 1570 et
2005 1529 2141 1582 eliges.

302 1589 369 1682 Vs.
401 1586 495 1628 275.
553 1585 697 1625 Densa
726 1598 796 1638 pro
828 1585 951 1626 dense
963 1598 976 1635 3
1014 1585 1205 1637 sequior,
1235 1584 1396 1624 tardior.
1427 1607 1482 1614 —-
1532 1583 1633 1623 Sere
1670 1597 1741 1638 pro
1783 1585 1970 1637 dispone3
2015 1581 2207 1623 Bacchus
2243 1593 2316 1637 pro

170 1644 261 1685 vino
292 1656 339 1683 ve
383 1643 472 1682 vite.

302 1699 369 1737 Vs.
400 1695 494 1738 277.
554 1695 755 1747 Imlrdye,
786 1694 835 1735 ad
865 1693 1066 1747 ponendas
1096 1694 1196 1733 vites
1228 1692 1277 1734 da
1308 1704 1490 1746 Operam,
1523 1697 1566 1735 ut
1594 1692 1817 1745 indulyent
1848 1695 1967 1738 vino,
1999 1698 2042 1733 ut
2071 1704 2138 1735 eas
2169 1692 2317 1734 efficias

170 1754 384 1807 largioreS,
417 1757 460 1791 ut
490 1764 540 1792 ex
569 1763 696 1802 aequo
728 1750 908 1790 omnibus
939 1750 1062 1789 vineis
1093 1749 1196 1788 vires
1226 1752 1330 1788 terra
1361 1749 1556 1799 praebeat.
1590 1771 1642 1777 —-
1673 1747 1722 1786 In
1750 1762 1947 1800 umquem,
1978 1749 2018 1790 in
2047 1748 2225 1789 ordinem
2253 1747 2317 1790 vel

172 1809 213 1850 in
241 1808 515 1860 aequalitatem
526 1819 538 1856 ;
568 1807 606 1845 in
636 1817 809 1859 unguem
839 1804 888 1844 ad
918 1803 1197 1856 perfectionem
1211 1805 1290 1852 9ῑ*);
1320 1803 1496 1853 positis,
1526 1802 1668 1842 vitibus
1699 1803 1900 1845 ordinatis.

305 1864 371 1903 Vs.
402 1860 494 1903 278.
557 1860 706 1904 Secto,
747 1859 975 1911 metaphora
1005 1871 1026 1898 a
1057 1858 1387 1906 marmorariis⁹⁹)
1419 1857 1550 1908 Afris,
1582 1859 1672 1910 quia
1700 1871 1835 1913 ungue
1862 1859 1915 1899 illi
1945 1858 2242 1899 coniunctiones
2278 1862 2319 1899 et

173 1918 342 1972 planatia
372 1929 611 1958 marmorum
642 1916 819 1967 probant.
850 1937 905 1944 —
956 1912 1080 1952 Seeto
1111 1912 1241 1951 limite
1270 1912 1310 1952 id
1340 1917 1400 1953 est
1430 1912 1573 1964 ducto,
1617 1912 1722 1952 unde
1753 1919 1791 1954 et
1819 1918 1952 1954 sectae
1979 1913 2316 1966 philosophorum,

172 1974 211 2014 id
241 1978 301 2014 est
332 1973 471 2013 ductus
503 1972 694 2012 dicuntur.
758 1968 966 2015 Quadret,
999 1968 1240 2020 consentiet,
1272 1966 1545 2021 congruatff).
1603 1967 1822 2009 Translatio
1843 1969 1892 2009 de
1922 1969 2080 2022 quadris
2110 1968 2316 2022 lapidibus,

173 2029 240 2081 qui
269 2028 342 2068 sibi
372 2028 473 2067 bene
503 2027 750 2067 conveniunt.
1960 2044 1964 2047 ‚

305 2084 371 2123 Vs.
401 2081 493 2123 279.
552 2082 607 2121 Ita
648 2081 725 2120 sint
762 2078 965 2120 ordinatae
1001 2079 1091 2119 illae
1119 2079 1219 2119 vites
1248 2077 1288 2118 in
1317 2077 1465 2119 directo
1495 2077 1597 2118 sicut
1625 2076 1829 2120 ordinatur
1866 2079 1969 2120 acies
1999 2077 2182 2130 miiitum,
2225 2077 2318 2121 dum

174 2139 485 2191 appropinquant
514 2137 642 2185 bello,
673 2147 748 2174 nec
778 2139 905 2174 tamen
935 2138 1026 2174 sunt
1056 2133 1253 2174 commixti
1281 2134 1383 2174 inter
1411 2136 1519 2182 se1).
2281 2158 2286 2164 -

308 2194 374 2233 vs.
406 2191 498 2233 280.
538 2189 697 2242 Aymen
716 2189 872 2243 proprie
892 2189 1089 2229 exercitus
1109 2193 1361 2241 praeparatus
1380 2187 1428 2228 ad
1448 2187 1593 2228 bellum
1601 2201 1615 2238 ;
1635 2199 1777 2242 agmen
1794 2188 1909 2228 etiam
1928 2188 2097 2241 impetus
2113 2188 2253 2230 dicitur
2262 2189 2317 2240 ²).

308 2249 374 2288 Vs.
406 2246 498 2288 281.
556 2245 779 2288 Fluctuat,
810 2243 1000 2296 splendet.

307 2303 372 2343 Vs.
403 2301 494 2343 283.
553 2299 716 2339 Dubius
746 2299 785 2339 id
816 2303 876 2340 est
905 2298 1134 2339 communis.
1164 2321 1216 2326 —-
1247 2295 1403 2342 Errat,
1435 2297 1525 2350 quia
1555 2303 1718 2339 eventus
1745 2297 1933 2338 victoriae
1958 2298 2131 2338 incertus
2161 2302 2234 2340 est.

308 2359 375 2397 Vs.
407 2356 500 2398 285.
559 2354 717 2394 Pascat
741 2359 1024 2406 prospectam,
1062 2353 1228 2394 delectet
1240 2355 1277 2401 ³)
1309 2357 1565 2406 prospectus,
1595 2358 1661 2393 ut:
1702 2357 1828 2406 atque
1849 2353 2022 2391 animum
2048 2353 2219 2404 pictura
2240 2367 2318 2407 pa·

179 2413 258 2451 scit
291 2413 470 2459 insum).

310 2468 376 2506 VS.
406 2465 498 2507 287.
556 2464 606 2503 In
636 2477 827 2509 vacuum,
858 2464 1024 2505 liberum
1052 2467 1208 2512 aerem3
1242 2474 1409 2504 vacuum
1440 2461 1535 2502 dixit
1563 2462 1895 2515 intercapedinem
1924 2461 2091 2502 duarum
2121 2463 2317 2505 arborum.

311 2522 377 2560 Vs.
409 2520 499 2562 288.
559 2519 599 2558 F
603 2520 777 2571 astiyz'a,
808 2519 1052 2568 altitudines3
1081 2518 1239 2571 fastigia
1268 2517 1454 2558 scrobum
1481 2517 1581 2557 imas
1610 2516 1741 2558 fossas
1772 2517 1882 2567 dicit,
1923 2516 1996 2557 sed
2024 2517 2181 2572 fastigia
2209 2519 2318 2559 nullo

180 2577 268 2617 loco
280 2579 318 2624 5)
351 2575 399 2615 dc
426 2575 559 2615 humili
587 2579 696 2627 parte
724 2574 842 2626 dixit,
882 2575 973 2615 alibi
1001 2586 1072 2627 pro
1103 2573 1240 2615 altiore
1267 2576 1400 2625 parte,
1433 2576 1498 2614 ut:
1546 2572 1740 2611 excutior
1776 2584 1916 2611 somne
1957 2576 1998 2610 et
2026 2573 2167 2611 summi
2190 2574 2321 2624 fasti-

181 2632 255 2684 9ae'a
285 2630 385 2670 lecti
412 2641 580 2667 ascensu
617 2641 780 2679 supero.
1464 2643 1466 2645 >

312 2686 378 2726 Vs.
409 2682 501 2734 289.
559 2682 723 2726 Ausim,
755 2693 875 2723 ausus
904 2682 976 2722 sim
987 2695 998 2732 ;
1029 2681 1215 2723 facilitate
1243 2680 1420 2722 culturae
1447 2678 1646 2729 blanditur
1677 2680 1883 2734 agricolis,
1919 2684 1964 2722 ut
1993 2679 2193 2732 ostendat,
2223 2679 2318 2724 dili-

181 2740 312 2794 gentia
341 2740 465 2793 magis
495 2738 594 2778 vites
627 2750 742 2790 quam
769 2738 903 2778 labore
932 2749 1188 2790 consurgere.
1217 2758 1272 2766 -—
1305 2734 1459 2779 Sulca,
1488 2734 1635 2776 fossae.

316 2897 367 2938 92)
392 2896 507 2935 hubi.
553 2894 602 2936 93)
628 2894 683 2927 Sic
699 2894 731 2926 in
749 2893 875 2933 codice,
900 2897 1145 2926 nonterram
1169 2903 1266 2926 esse
1292 2891 1521 2936 frigidam.
1561 2891 1613 2933 94)
1639 2891 1795 2925 solem.
1845 2896 1896 2932 95)
1923 2893 2125 2937 exquiret
2158 2891 2210 2935 96)
2227 2891 2321 2927 Non-

184 2942 275 2976 nulla
300 2942 416 2974 deesse
439 2941 598 2975 videntur.
645 2939 693 2981 97)
720 2938 880 2982 Georgii,
907 2936 984 2972 113.
1023 2939 1074 2980 98)
1109 2940 1315 2982 inungum
1339 2938 1389 2971 ad
1414 2937 1762 2981 perfeccionem.
1811 2937 1865 2971 Sic
1897 2939 1997 2982 paulo
2021 2944 2094 2981 post
2117 2938 2160 2972 ad
2183 2949 2216 2972 v.
2238 2937 2320 2974 2⁷8.

185 2988 538 3022 coniuncciones.
585 2986 636 3028 99)
663 2995 776 3019 amar
799 2985 961 3017 moriis.
1009 2984 1044 3025 *)
1070 2994 1278 3027 congrua.
1325 2983 1359 3026 1)
1383 2982 1471 3017 Haec
1496 2993 1515 3017 a
1539 2993 1636 3017 manu
1654 2988 1730 3017 sunt
1753 2989 1879 3018 recent.
1904 2984 2086 3028 adscripta.
2123 2984 2159 3026 2)
2182 2983 2320 3020 Amen.

186 3044 250 3067 rec.
288 3033 323 3075 3)
349 3032 542 3066 dilectet.
590 3032 624 3074 ⁴1)
649 3031 733 3066 Acn.
757 3029 790 3072 1,
815 3028 894 3064 464.
941 3029 977 3072 5)
1001 3029 1217 3064 nihiloco.
2093 3038 2103 3048 κ
