2430 3177
1092 127 1096 131 ’
1170 109 1199 154 3

1283 183 1309 190 -ae

239 241 305 280 Vs.
334 239 373 281 8.
439 238 528 279 Tua
557 239 698 279 dicere
726 238 866 289 facta„
896 239 1212 291 expugnationes
1241 238 1397 279 urbium
1427 244 1466 280 et
1494 240 1606 283 bella.

237 295 304 335 Vs.
335 294 372 336 9.
430 294 500 333 En
530 296 621 344 erit,
651 294 820 346 optantis
852 304 941 333 vox.
1007 294 1072 333 Ut.
1092 293 1221 332 liceat
1250 294 1389 335 eadem
1417 296 1569 347 repetit.
1600 320 1653 327 ——·
1689 295 1837 336 Totum
1863 299 1975 350 ferre
1992 312 2080 351 -per
2101 301 2248 351 orbem,

103 351 143 392 id
173 355 234 392 est
263 350 527 403 divulgare20)
556 362 627 402 per
655 348 803 388 orbem.
905 392 912 402 .

98 443 100 445 .
147 440 151 445 .
235 406 303 446 Vs.
336 405 399 447 10.
461 405 567 444 Sola
600 403 865 454 Sophocleo,
894 403 933 444 id
963 408 1024 444 est
1052 404 1137 445 sola
1165 408 1232 445 tua
1262 406 1435 446 carmina
1464 412 1630 458 possunt
1659 408 1816 460 aequari
1847 409 2108 459 carminibus.
2147 423 2249 463 quae

102 460 320 514 Sophocles
351 461 593 515 composuit3
631 461 664 500 is
682 461 734 508 21)
766 460 869 499 0111111
907 460 1056 511 primus
1096 459 1338 513 tragoediam
1369 462 1601 514 composuit.
1632 485 1684 493 —
1717 462 1972 515 Sophocleo.
2032 466 2248 520 Sophocles

101 519 219 569 poeta
248 517 435 569 tragicus,
468 517 532 567 qui
560 516 708 568 primus
738 514 981 568 tragoediam
1008 515 1176 568 scripsit,
1210 515 1376 556 eximiae
1404 516 1605 569 gravitatis
1634 517 1813 570 habitus,
1853 524 1893 560 et
1920 521 2010 562 ideo
2035 522 2248 564 Pollionem

100 571 194 612 huic
223 576 442 623 comparat,
482 571 571 622 quia
600 571 756 623 scripsit
783 570 903 610 Pollio
933 570 1178 623 tragoediam
1206 570 1247 609 in
1267 572 1323 619 ²²)
1363 570 1434 611 illo
1460 575 1658 625 tempore,
1700 574 1771 614 sed
1802 573 2004 617 Cornelius
2025 579 2082 626 2³)
2115 576 2267 619 0311115

101 630 234 680 potest
263 627 487 667 existimari.
545 624 704 678 Dique,
736 626 896 674 similia;
927 625 1020 663 sola
1048 625 1194 677 diana,
1223 625 1300 665 hoc
1321 630 1393 676 est,
1423 626 1554 667 nullus
1582 627 1723 682 dignus
1742 629 1894 670 honore
1923 630 2144 684 Sophoclis,
2172 634 2249 674 nisi

101 686 157 722 tu.
187 703 239 710 -
275 678 502 720 Cottam-no.
560 681 631 721 Est
661 681 876 721 cothurnus
906 692 1032 733 genus
1062 681 1185 721 vestis
1214 681 1405 732 praeclari
1433 681 1601 723 hominis
1632 683 1671 723 id
1692 689 1753 724 est
1780 686 1842 725 vel
1861 698 1987 739 genus
2008 688 2249 729 calciamenti

100 736 258 787 utrique
275 735 365 787 pedi
386 737 638 776 conveniens.
682 734 909 780 cothurno,
924 737 982 786 ²4)
1013 736 1187 786 carmini,
1215 748 1287 788 pro
1309 736 1513 778 altitudine
1534 739 1715 780 carminis
1735 742 1885 793 posuit3
1916 746 1977 782 est
1995 744 2152 795 proprie
2170 756 2248 796 ge-

100 801 178 832 nus
208 790 547 840 0310131110111124),
579 804 657 844 11110
686 791 866 845 tragoedi
894 796 1068 831 utuntur.

232 846 300 885 Vs.
333 845 395 886 11.
452 846 491 884 A
523 851 586 897 te,
616 847 749 887 Pollio.
778 882 781 883 γ
815 844 853 884 Α
884 851 925 886 te
949 846 1230 898 principium,
1259 846 1512 899 hyperbolice
1541 848 1726 901 loquitur.
1793 848 1975 903 Accipe,
2017 852 2248 893 subauditur

30 944 35 948 s
98 899 232 955 digne.
262 923 317 929 -—
344 900 383 938 A
414 906 454 940 te
478 903 752 954 principium,
783 901 864 941 tibi
891 903 1066 947 desinet,
1096 902 1135 942 id
1166 906 1246 942 est:
1277 914 1394 943 nemo
1422 907 1512 943 ante
1539 908 1578 944 te
1607 904 1850 958 tragoediam
1869 907 2036 959 scripsit,
2067 919 2147 950 1100
2161 913 2251 960 post

98 960 140 996 te
176 956 393 1009 scripturus
437 959 509 998 erit
529 958 600 1008 25).
667 957 884 1010 Utrumque
922 958 1120 1011 dignitatis
1159 962 1239 1006 est,
1279 970 1368 998 011111
1409 957 1500 998 111011
1536 971 1561 997 α
1600 964 1641 999 te
1660 962 1716 1008 2ὃ)
1756 961 1919 1000 initium
1960 966 1999 1001 et
2027 975 2050 1003 a
2079 967 2117 1002 te
2146 963 2247 1005 finis.

97 1008 261 1062 Accipe
291 1012 424 1056 iussis,
455 1018 573 1064 patet,
603 1013 694 1064 quia
723 1018 791 1053 aut
819 1026 841 1052 a
863 1012 1044 1062 Caesare,
1076 1017 1144 1052 aut
1172 1026 1193 1053 a
1212 1013 1385 1052 Pollione
1411 1013 1544 1054 iussus
1575 1020 1635 1055 est
1660 1015 1762 1056 hanc
1792 1016 1970 1070 eclogam
1997 1017 2248 1058 scribere.—

98 1064 261 1118 Accipe
291 1067 413 1105 iussis
445 1068 627 1105 carmina
659 1072 812 1118 coepta
844 1068 939 1107 tuis.
998 1067 1062 1109 Sic
1089 1067 1282 1118 loquitur,
1323 1069 1435 1118 quasi
1463 1081 1485 1108 a
1514 1069 1688 1110 Pollione
1714 1072 1847 1110 iussus
1879 1074 1929 1113 sit
1956 1074 2032 1113 ista
2061 1074 2248 1124 scribere,

98 1122 207 1174 quod
233 1121 381 1162 factum
411 1134 490 1162 non
521 1127 604 1171 est3
635 1122 707 1162 sed
738 1122 801 1162 hic
822 1133 965 1162 sensus
995 1127 1078 1162 est:
1110 1122 1244 1176 accipe
1272 1123 1391 1163 iussis
1422 1124 1593 1163 carmina
1624 1130 1762 1177 coepta
1790 1126 1880 1175 tuis,
1909 1131 1953 1168 ut
1981 1126 2081 1168 desit
2106 1128 2250 1181 dique,

98 1176 176 1218 hoc
199 1181 272 1226 est,
304 1177 392 1228 quis
425 1178 502 1218 eris
522 1179 579 1225 27)
611 1177 658 1217 ab
689 1178 795 1230 agris
824 1178 920 1219 meis
950 1177 1106 1227 recede,
1138 1182 1176 1217 et
1205 1177 1302 1217 11300
1330 1179 1369 1217 111
1399 1182 1437 1218 10
1467 1180 1636 1220 carmina
1666 1180 1785 1234 digne
1813 1181 1994 1223 scribam.
2026 1203 2082 1211 —-—

229 1231 296 1271 Vs.
331 1231 394 1272 12.
451 1230 589 1284 Atque
617 1231 724 1270 hane
753 1231 943 1271 hederam
964 1236 1040 1282 ²⁸),
1081 1232 1120 1273 id
1150 1237 1212 1272 est
1239 1232 1341 1272 hanc
1371 1233 1562 1286 eclogam.
1625 1233 1746 1280 Siue,
1788 1236 1971 1288 verbum,
2012 1237 2052 1278 id
2081 1243 2143 1279 est
2171 1234 2248 1280 ad-

97 1286 207 1328 mitte
226 1289 283 1335 29)
314 1288 415 1326 inter
442 1292 532 1327 tuos
553 1288 610 1338 30)
642 1287 858 1339 triumphos
888 1292 956 1329 aut
983 1287 1208 1341 tragoedias
1240 1293 1278 1328 et
1307 1300 1437 1327 meum
1467 1293 1619 1340 poema.

230 1342 297 1382 Vs.
333 1341 395 1384 13.
455 1340 569 1381 Inter
598 1342 790 1381 victrices
829 1348 868 1383 et
903 1343 1067 1395 reliqua.
1133 1342 1312 1382 Asinium
1344 1342 1556 1384 Pollionem
1584 1343 1800 1398 significat,
1838 1347 1905 1398 qui
1944 1351 1983 1387 et
2021 1351 2137 1401 poe'ta
2163 1347 2249 1400 fuit,

98 1396 171 1440 sed
191 1399 378 1449 111101113111
399 1397 562 1439 Salonas
584 1398 794 1447 devicerat,
825 1403 992 1449 utraque
1021 1409 1169 1438 corona
1189 1397 1332 1450 dignus
1361 1397 1447 1448 fuit,
1478 1399 1588 1438 lauro
1605 1401 1664 1449 ³¹)
1695 1400 1833 1451 victor,
1864 1401 2011 1442 hedera
2031 1404 2087 1451 32)
2118 1408 2250 1455 poeta,

97 1459 141 1496 ut
169 1450 319 1491 Pollio
351 1457 390 1491 et
421 1453 512 1503 ipse
538 1453 650 1503 facit
679 1466 786 1491 noea
816 1453 1012 1491 carmina.
1081 1452 1265 1491 lominus
1295 1452 1399 1493 dicit.
1458 1452 1692 1501 Ηεᾱεναιη,
1722 1456 1935 1508 allegorice
1963 1457 2040 1497 hoc
2070 1472 2249 1508 carmen3

96 1509 206 1548 inter
236 1507 391 1552 lauros,
421 1508 652 1560 triumphos,
683 1509 771 1560 111113
801 1509 860 1548 510
881 1509 938 1555 ³³]
969 1507 1018 1547 ad
1044 1507 1255 1547 Pollionem
1286 1512 1325 1546 et
1352 1507 1401 1549 ad
1423 1507 1633 1548 Caesarem
1662 1509 1875 1563 allegorice
1903 1511 2072 1552 111011.-
2090 1513 2251 1552 >Victri-

99 1576 166 1603 ces
197 1563 363 1608 lauros,
393 1565 484 1615 quia
513 1565 684 1602 victores
714 1564 825 1602 lauro
856 1562 1158 1603 coronabantur.
1228 1560 1404 1613 Serpere
1433 1563 1472 1603 id
1502 1568 1563 1603 est
1590 1563 1788 1605 humiliter
1816 1566 1879 1606 vel
1907 1567 2075 1610 molliter
2103 1581 2249 1621 proce-

97 1619 215 1668 dere;
250 1624 311 1659 est
339 1624 469 1658 autem
499 1629 665 1658 sensus:
706 1618 907 1670 permitte,
938 1629 962 1657 o
992 1617 1196 1670 Auguste,
1227 1618 1290 1656 vel
1319 1618 1454 1667 Pollio,
1484 1619 1586 1658 inter
1612 1619 1749 1658 laudes
1780 1621 2065 1674 triumphorum
2093 1628 2251 1665 tuorum

96 1686 230 1715 meum
259 1685 416 1714 carmen
447 1673 601 1714 adesse.
659 1673 873 1724 Hucusque
902 1672 1092 1725 praefatio
1122 1674 1265 1724 poetae
1294 1671 1343 1711 de
1373 1684 1439 1721 se3
1477 1684 1582 1712 nunc
1610 1674 1743 1727 incipit
1772 1675 1961 1716 Damonis
1990 1682 2127 1719 texere
2154 1692 2248 1720 car-

97 1741 210 1780 men,
249 1741 368 1782 quem
399 1728 649 1768 Cornificium
680 1728 762 1768 vult
791 1739 895 1768 esse.
955 1725 1069 1766 Inter
1099 1726 1291 1765 victrices
1320 1726 1578 1777 hederam-⁹²⁴)
1610 1733 1649 1767 et
1675 1730 1839 1781 reliqua.
1898 1732 2092 1780 Quoniam
2122 1735 2252 1775 solent

95 1789 239 1838 poetae
271 1796 439 1825 coronas
466 1784 638 1824 hederae
665 1783 825 1833 habere,
855 1783 948 1835 quia
975 1782 1118 1836 pallida
1146 1787 1220 1834 est,
1253 1786 1291 1822 et
1320 1785 1386 1834 qui
1414 1783 1688 1824 versificantur
1715 1785 1846 1838 pallidi
1875 1792 1980 1838 sunt,
2012 1793 2052 1828 et
2079 1791 2250 1831 victores

95 1841 209 1881 lauro
246 1839 286 1880 in
316 1839 593 1880 certaminibus
625 1843 885 1890 coronantur,
924 1838 1032 1890 quod
1059 1838 1197 1878 Asinio
1224 1837 1388 1879 Pollioni
1417 1839 1619 1890 convenit,
1651 1841 1717 1891 qui
1746 1840 1950 1883 versificus
1978 1842 2053 1884 fuit
2082 1849 2122 1886 et
2147 1845 2251 1886 inter

96 1895 297 1937 Dalmatas
326 1895 592 1945 triumphavit.
1608 1919 1613 1925 .

209 1951 277 1991 Vs.
310 1949 374 1991 14.
434 1948 618 2001 Friyida
647 1948 720 1986 vix
751 1946 872 1986 caelo
905 1953 943 1988 et
970 1947 1134 2000 reliqua.
1193 1947 1360 1996 Quando
1389 1959 1470 1988 nox
1497 1947 1604 1989 finita
1625 1951 1681 1998 ⁸⁵)
1713 1954 1786 2002 est,
1817 1964 1932 1993 mane
1959 1955 2249 2008 prorumpebat.

97 2006 212 2047 Nunc
239 2009 356 2058 poeta
385 2006 516 2046 locum
546 2010 780 2056 tempusque
810 2002 1003 2056 designat.
1032 2025 1088 2035 —-
1128 2002 1310 2054 Friqida
1338 2004 1412 2042 cix
1443 2003 1561 2042 caelo
1594 2010 1632 2045 et
1658 2005 1821 2058 reliqua.
1877 2007 1997 2050 Poeta
2027 2009 2156 2051 adhuc
2181 2011 2248 2051 lo-

99 2064 232 2114 quitur
266 2066 421 2113 tempus
458 2061 671 2110 locumque
710 2058 944 2111 designans,
984 2070 1030 2098 30
1066 2059 1099 2098 si
1140 2058 1310 2099 diceret:
1349 2071 1438 2098 cum
1479 2059 1643 2100 aliorum
1673 2072 1793 2113 opera
1832 2065 1944 2115 quasi
1972 2064 2133 2106 inmissa
2161 2065 2251 2108 luce

96 2117 367 2163 florescerent,
398 2122 491 2156 tunc
519 2127 582 2154 me
610 2114 660 2154 110
689 2114 834 2154 amissa
864 2114 1034 2166 coniuge
1061 2113 1247 2154 tenebrae
1275 2113 1514 2155 invaserunt.
1547 2137 1598 2145 —·

231 2171 298 2212 Vs.
332 2170 396 2211 15.
459 2168 559 2209 Cum
583 2182 652 2208 ros
682 2170 725 2208 in
756 2173 896 2208 tenera
924 2167 1064 2213 herba,
1095 2167 1262 2209 subaudi
1290 2168 1520 2209 deciderat.
1549 2191 1605 2201 —
1638 2168 1738 2210 Cum
1766 2184 1836 2212 ros
1865 2173 1910 2211 in
1937 2177 2080 2214 tenera
2108 2179 2150 2216 et
2173 2188 2245 2217 re-

98 2227 218 2281 liqua.
275 2226 501 2279 Allegorice
528 2224 769 2266 latitudinem
798 2224 981 2277 triumphi
1012 2223 1216 2277 significat.
1247 2246 1303 2254 -

230 2283 299 2322 Vs.
333 2279 396 2323 16.
455 2279 708 2324 Incumbens,
739 2280 852 2331 quasi
880 2291 952 2333 pro
981 2280 1134 2320 tristitia
1162 2291 1232 2332 per
1251 2291 1296 2320 se
1324 2281 1543 2322 consistere
1570 2293 1650 2322 non
1669 2281 1817 2322 valens.
1863 2280 2010 2329 Teriti,
2040 2284 2245 2326 rotundae.

106 2337 278 2382 olivae,
317 2337 449 2378 arbori
477 2336 542 2377 vel
571 2336 712 2376 baculo
751 2347 802 2375 ex
830 2335 931 2376 oliva
961 2339 1005 2376 ut
1034 2340 1180 2387 pastor.
1210 2357 1266 2364 --
1295 2332 1475 2376 Damon'.
1533 2337 1651 2377 Poeta
1682 2337 1732 2377 de
1758 2349 1804 2378 se
1832 2336 1936 2379 dicit.
1997 2337 2074 2379 Sic
2103 2342 2246 2394 eoepit

101 2394 249 2438 olivae,
279 2393 358 2433 huc
386 2405 513 2444 usque
534 2393 590 2440 ὃὸ)
621 2395 774 2445 tempus
803 2394 843 2430 et
871 2391 996 2431 locus.
1017 2412 1072 2420 --

231 2449 277 2489 V.
310 2446 373 2489 17.
429 2447 559 2489 Nasco
590 2451 628 2486 et
655 2457 811 2487 nascor.
868 2444 1062 2490 Nascere,
1093 2445 1186 2486 oriri
1215 2444 1318 2487 diem
1347 2445 1555 2487 desiderat.
1613 2443 1808 2500 Praeque
1835 2448 1946 2490 diem
1973 2450 2162 2495 veniens,
2203 2457 2246 2493 ut

98 2508 192 2546 ante
220 2504 322 2545 diem
352 2504 533 2553 veniens,
575 2506 642 2542 aut
667 2501 769 2541 diem
799 2502 1078 2554 praeveniens,
1120 2501 1210 2543 cito.
1238 2522 1294 2531 --
1322 2497 1505 2539 Nascere
1543 2505 1582 2542 et
1609 2500 1780 2554 reliqua.
1829 2502 2074 2558 Allegorice:
2113 2506 2247 2548 fruere

98 2559 341 2601 iucunditate
368 2565 448 2609 tua,
479 2559 572 2598 dum
604 2569 679 2610 ego
709 2568 1147 2606 moerorelconsumor,
1179 2568 1203 2597 0
1235 2556 1393 2597 Cacsar.
1451 2554 1544 2609 Age
1573 2554 1760 2608 Lucifer.
1818 2558 2008 2611 Loquitur
2036 2565 2165 2603 autem
2196 2562 2246 2604 ad

101 2613 346 2664 Luciferum,
376 2626 492 2666 quam
522 2613 675 2653 stellam
695 2615 746 2661 ⁸⁷)
777 2612 940 2653 Veneris
972 2612 1126 2662 dicunt,
1155 2624 1179 2652 a
1206 2624 1284 2664 qua
1314 2612 1502 2665 putabant
1531 2624 1707 2653 amorem
1738 2613 1834 2656 dari.
1864 2636 1921 2644 —--
1950 2613 2064 2668 Age,
2104 2617 2243 2668 adduc,

104 2667 217 2721 vehe‚
246 2670 385 2710 metire
402 2670 462 2720 ³⁸]
494 2669 569 2710 diei
598 2673 789 2722 tempora.
850 2666 1020 2712 Almam,
1040 2666 1224 2710 lucidum.
1261 2666 1400 2709 Almus
1430 2668 1504 2710 tria
1533 2680 1681 2722 genera
1710 2669 1917 2724 significat,
1948 2676 1991 2714 ut
2019 2670 2095 2711 lux
2123 2671 2245 2717 alma,

193 2844 247 2886 20)
273 2843 379 2878 Cod.:
403 2844 660 2888 devulgare.
692 2844 742 2887 21)
769 2844 871 2880 Cod.:
894 2845 974 2880 his.
1007 2846 1059 2888 22)
1085 2845 1188 2881 Cod.:
1214 2845 1465 2890 tragoedia.
1490 2847 1544 2880 in.
1586 2845 2031 2888 23)0011.;001·111111111.
2065 2847 2117 2889 24)
2142 2846 2244 2881 Cod.:

105 2891 396 2938 calciamenti
426 2896 618 2935 utroque
653 2892 757 2935 pedi
789 2893 1062 2926 convenient
1099 2898 1333 2937 quoturno.
1389 2893 1441 2934 25)
1476 2892 1580 2927 Cod.:
1611 2899 1715 2927 erat.
1783 2893 1835 2934 26)
1868 2891 1970 2925 Cod.:
1997 2892 2111 2927 dicit
2135 2899 2244 2928 ante.

102 2938 155 2980 27)
181 2936 251 2971 noo
274 2936 349 2970 loco
374 2936 526 2970 nonnulla
550 2937 710 2971 excidisse
731 2938 904 2979 videntur,
938 2938 991 2972 vel
1016 2938 1224 2974 scribendum
1249 2944 1318 2972 est:
1355 2940 1501 2983 quisquis
1527 2949 1573 2974 es.
1621 2939 1673 2979 28)
1701 2938 1804 2973 Cod.:
1832 2937 2019 2971 ederam.
2065 2940 2118 2980 2⁹)
2144 2938 2248 2974 Cod.:

103 2983 290 3021 dimitte.
336 2984 388 3025 30)
412 2983 514 3017 Cod.:
539 2983 635 3017 duo.
680 2984 732 3025 31)
759 2983 861 3018 Cod.:
887 2985 1065 3020 laurum.
1112 2985 1163 3027 ³2)
1189 2984 1290 3020 Cod.:
1315 2984 1533 3021 hederam.
1579 2984 1630 3026 33)
1655 2984 1761 3019 Cod.:
1787 2985 1835 3017 si.
1885 2984 1938 3026 u)
1963 2984 2068 3020 Cod.:
2093 2984 2240 3020 herba.

103 3029 155 3076 36)
179 3028 284 3065 Cod.:
309 3028 437 3063 facta.
482 3028 534 3071 ³⁶)
559 3028 662 3064 Cod.:
686 3029 756 3064 hic
782 3041 932 3075 usque.
977 3031 1030 3074 31)
1055 3030 1157 3066 Cod.:
1183 3030 1325 3065 stella.
1372 3031 1426 3074 88)
1449 3029 1553 3066 Cod.:
1576 3030 1871 3069 vehemoth-is.
2101 3055 2108 3060 .

1920 3086 1979 3128 1*
