2430 3177
1132 134 1196 181 27

1034 201 1297 218 Μ

227 266 294 306 Vs.
326 262 418 306 163.
474 263 714 308 Eleusinae,
744 263 880 305 civitas
911 262 1065 304 Atticae
1092 263 1198 306 haud
1222 265 1343 318 longe
1370 263 1419 307 ab
1443 264 1607 308 Athenis
1627 271 1698 320 ⁶⁹),
1729 269 1768 310 in
1799 282 1876 323 qua
1905 284 2025 325 quum
2053 284 2239 329 regnaret

95 320 236 362 Celeus
256 323 312 369 ⁷⁰)
344 326 384 360 et
413 320 596 360 Cererem
625 323 878 371 quaerentem
907 319 1025 359 filiam
1054 321 1273 373 susciperet
1300 320 1491 373 hospitio,
1528 323 1593 363 illa
1623 337 1694 376 pro
1723 329 2040 370 remuneratione
2068 332 2239 373 ostendit

95 377 134 416 ei
162 387 280 417 omne
311 387 437 428 genus
468 376 731 428 agriculturae
771 379 810 415 et
849 374 901 414 ibi
931 376 1101 414 maxime
1129 376 1280 416 colitur.
1338 374 1559 422 Plaustra,
1597 379 1820 430 vehiculum
1849 383 1977 425 bubus
2009 390 2152 437 aptum,
2188 411 2237 416 .-

94 429 338 483 Eleusinae,
367 431 589 471 Eleusinam
619 430 667 469 ab
696 429 881 475 Eleusine
910 430 1009 469 urbe
1037 429 1204 481 Atticae,
1233 431 1273 470 in
1304 443 1380 483 qua
1412 432 1531 472 Ceres
1561 433 1798 476 adorabatur
1820 439 1889 489 ⁷1).
1947 437 2116 485 Matris,
2147 453 2238 482 ma·-

92 489 194 527 trem
223 491 355 526 autem
384 486 625 526 Eleusiniam
645 487 700 533 ⁷²)
735 483 919 524 Cererem
950 485 1064 535 dicit,
1104 497 1194 526 nam
1223 492 1265 526 ut
1293 492 1447 526 veteres
1475 493 1606 541 patres
1638 489 1734 530 deos
1762 491 1964 546 dicebant,
1994 495 2048 536 ita
2078 501 2117 538 et
2145 497 2240 538 deas

94 546 253 590 matres,
284 541 398 581 deam
428 545 591 580 matrem
620 544 792 580 vestram
823 540 1098 592 Cereremque.
1155 545 1340 580 IUNILIUS
1371 542 1474 583 dicit.

229 597 295 636 Vs,
329 594 421 636 164.
485 593 674 643 Tribula,
704 606 830 648 genus
861 595 1041 645 vehiculi,
1075 609 1153 647 quo
1182 597 1377 637 frumenta
1406 602 1589 638 teruntur
1615 599 1656 639 in
1676 601 1778 641 areis
1801 604 1870 650 73).
1911 601 2078 658 Iniqua,
2108 607 2239 660 gravi3

93 651 270 703 iniquum
310 651 357 691 ab
395 650 672 701 inaequalitate
709 650 867 691 dictum.
897 671 954 680 —
989 649 1171 696 Traleae,
1210 664 1338 706 genus
1368 653 1538 693 vehiculi
1568 666 1589 693 a
1617 655 1809 697 trahendo
1840 658 2002 711 dictum,
2041 662 2132 714 quia
2161 675 2241 704 non

94 705 212 749 hahet
239 709 361 746 rotas.
418 704 569 757 Iniqua
597 705 799 756 pondere,
831 706 920 758 quia
949 718 1050 757 quae
1077 707 1209 758 iniqua
1238 712 1331 748 sunt
1358 708 1532 762 pondere
1560 717 1880 764 praegravantur.

227 760 293 802 Vs.
326 760 417 801 165.
482 759 611 813 Celei,
643 760 783 800 Celeus
814 763 974 801 antistes
1007 760 1183 810 Cereris,
1221 763 1496 803 Eleusinorum
1527 777 1620 815 rex,
1652 778 1730 806 non
1761 768 1896 819 utique
1922 767 2136 823 honestus,
2176 774 2242 826 qui

96 827 146 856 ex
175 815 294 869 virgis
325 816 460 856 habuit
489 816 693 869 plurimam
724 817 1042 869 suppellectilem.
1073 840 1126 845 —
1166 817 1285 863 Vilis,
1316 819 1422 870 quod
1454 819 1519 859 vili
1547 821 1673 872 pretio
1703 827 1855 863 ematur
1882 826 2089 877 suppellex
2116 840 2241 870 usur-

94 875 226 923 patum
258 875 318 910 est
345 883 435 911 nam
465 873 559 912 artis
592 876 661 911 est.
722 871 996 923 Suppellectile
1027 877 1087 912 est
1108 875 1162 919 ⁷⁴)
1195 873 1335 913 domus
1362 876 1676 915 instrumentum.

229 926 296 966 Vs.
329 924 419 967 166.
478 923 686 965 Arbuteae
716 931 876 979 crates,
916 928 1150 968 coniunctae
1185 930 1224 968 in
1265 941 1309 969 se
1345 931 1492 983 virgae.
1569 929 1734 969 Varenus
1771 932 1907 974 alveus
1948 948 1998 975 ex
2036 937 2242 980 viminibus

94 979 238 1032 factus,
269 981 376 1022 corio
407 981 578 1033 desuper
605 987 732 1022 tectus
753 985 832 1031 ⁷⁵),
873 993 951 1033 quo
982 984 1021 1022 in
1050 984 1152 1023 areis
1182 985 1319 1024 rustici
1350 990 1532 1035 utuntur,
1565 986 1832 1028 discernentes
1861 989 1998 1044 fruges
2027 997 2066 1032 et
2093 994 2241 1046 paleas.

94 1035 256 1076 Vannus
286 1036 412 1077 dictus
443 1038 554 1088 quasi
584 1050 722 1086 annus,
755 1037 859 1089 quod
890 1041 1026 1089 patens
1054 1039 1116 1077 sit.
1145 1061 1196 1067 —
1226 1038 1428 1090 Mystica,
1459 1041 1548 1091 quia
1580 1043 1776 1093 mysteriis
1808 1043 1934 1086 Liberi
1973 1048 2094 1099 patris
2124 1049 2241 1091 adhi-

95 1091 223 1143 betur,
255 1096 295 1131 et
322 1093 487 1143 mystica
517 1093 607 1143 quia
635 1093 937 1132 instrumentum
967 1094 1211 1145 purgationis
1242 1100 1314 1134 est.
1374 1093 1518 1132 lacella·
1547 1096 1584 1135 id
1616 1101 1675 1136 est
1702 1097 1858 1138 Bacchi.
1892 1122 1942 1128 -

228 1147 294 1186 Vs.
328 1145 418 1187 170.
477 1145 525 1184 Ιη
555 1146 697 1191 oza-int,
724 1147 832 1187 buris
864 1147 965 1188 dicta
995 1160 1018 1187 a
1046 1148 1239 1198 bustione,
1270 1150 1351 1202 igni
1381 1150 1483 1189 enim
1514 1150 1691 1192 flectitur.
1711 1174 1764 1181 —
1794 1155 1921 1193 Buris
1950 1164 2245 1200 curvamentum

94 1202 213 1244 aratri
243 1207 304 1242 est
332 1201 477 1242 dictum
507 1204 620 1253 quasi
647 1203 807 1252 bosura,
840 1202 946 1254 quod
975 1203 1014 1242 in
1044 1204 1334 1244 similitudinem
1365 1205 1515 1245 caudae
1543 1206 1664 1246 bovis
1697 1229 1751 1234 —

230 1257 297 1297 Vs.
331 1255 421 1297 172.
480 1256 620 1296 Binae
650 1270 790 1303 aures,
830 1257 932 1297 duae
962 1258 1103 1309 quibus
1140 1259 1254 1299 latior
1284 1260 1418 1301 sulcus
1449 1260 1627 1301 efficitur.
1657 1284 1710 1290 —
1738 1259 1938 1314 Duplici,
1979 1265 2070 1308 lato.
2127 1266 2244 1308 Dgn-

97 1310 216 1356 talia‚
247 1311 404 1352 dentale
425 1316 480 1361 ⁷⁶)
512 1313 673 1365 lignum,
704 1314 743 1352 in
773 1325 850 1364 quo
880 1325 1018 1352 vomer
1046 1313 1255 1354 inducitur.

230 1367 296 1407 Vs.
330 1365 428 1408 173.
479 1369 610 1413 Ante,
642 1373 731 1408 ante
761 1373 913 1420 tempus
941 1367 1209 1410 necessarium
1238 1370 1434 1421 caeditur,
1473 1375 1516 1411 ut
1551 1373 1792 1413 exsiccatum
1821 1371 1886 1415 fiat
1916 1374 2016 1416 leve.
2045 1399 2100 1406 —-
2138 1377 2245 1432 layo

98 1421 138 1463 id
167 1426 228 1463 est
258 1422 308 1462 ad
337 1423 470 1476 iugum
481 1437 491 1472 3
524 1423 634 1474 alta,
666 1424 797 1476 longa.

232 1478 299 1517 Vs.
332 1477 422 1518 174.
483 1477 625 1522 stica,
657 1478 963 1531 gubernaculum
995 1480 1134 1528 aratri,
1177 1485 1218 1519 ut
1246 1480 1424 1533 Nigidius
1453 1481 1518 1522 ait.
1551 1503 1604 1510 -—
1639 1479 1813 1526 Currus,
1845 1489 1954 1525 rotas
1985 1486 2075 1527 ideo
2106 1500 2245 1531 currus

99 1532 164 1583 ait,
198 1533 290 1584 quia
317 1534 355 1572 i‘n
378 1534 498 1574 Gallia
530 1539 567 1573 et
596 1535 636 1573 in
655 1534 855 1574 Britannia
884 1538 922 1574 et
951 1534 1035 1576 aliis
1065 1535 1293 1588 regionibus
1324 1540 1452 1577 aratra
1483 1547 1577 1576 axes
1595 1535 1742 1577 habent
1771 1542 1810 1577 et
1836 1543 1946 1580 rotas
1976 1547 2015 1582 et
2043 1543 2101 1583 sic
2122 1550 2246 1586 arant.

98 1590 278 1627 IUNILIUS
310 1588 415 1629 dicit.

233 1643 299 1683 Vs.
334 1642 423 1684 175.
481 1644 543 1683 Et
571 1658 790 1696 suspensa,
828 1645 1015 1685 radicitus
1046 1646 1194 1688 evulsa.
1232 1670 1287 1675 —-
1324 1645 1567 1698 Explorat‚
1608 1647 1753 1699 siccat,
1784 1648 1886 1690 bene
1914 1651 2013 1705 agit,
2055 1653 2246 1706 explorat,

98 1698 189 1749 quia
219 1699 310 1739 vitia
338 1701 524 1740 materiae
553 1713 603 1740 ex
630 1713 678 1740 eo
709 1705 908 1752 apparent.
965 1703 1147 1739 luximus
1179 1701 1283 1741 dicit.

232 1754 299 1793 Vs.
332 1753 423 1795 176.
481 1753 669 1799 Possum,
699 1755 871 1795 iucunde
901 1760 1183 1796 commemorat
1203 1755 1481 1797 abundantiam
1502 1757 1560 1808 77)
1580 1757 1743 1810 peritiae
1762 1770 1860 1801 suae
1880 1762 1920 1802 in
1939 1763 2097 1804 rusticis
2115 1764 2247 1806 rebns.

233 1810 301 1849 Vs.
333 1809 424 1851 177.
489 1809 653 1855 Tenuis,
684 1810 935 1850 subtilitatem
965 1810 1082 1850 studii
1113 1811 1296 1852 ostendit.

232 1865 299 1907 Vs.
334 1863 422 1907 178.
481 1863 592 1904 Area
620 1866 824 1906 exaruisse
851 1865 991 1907 dicitur
1020 1878 1159 1906 carens
1188 1866 1354 1906 humore
1373 1870 1450 1917 78),
1491 1871 1535 1907 ut
1570 1867 1610 1906 in
1645 1868 1746 1908 urbe
1784 1881 1876 1910 area
1903 1870 2066 1914 Vulcani
2095 1873 2246 1916 dicitur.

105 1919 204 1960 Cam
227 1921 399 1971 primis,
438 1921 790 1974 hysteroproteron
817 1922 971 1973 posuit,
1012 1921 1120 1972 prius
1162 1922 1263 1961 enim
1303 1934 1420 1963 manu
1451 1927 1554 1963 terra
1586 1923 1748 1963 vertitur
1769 1927 1849 1975 ⁷⁹),
1887 1925 2030 1967 deinde
2057 1929 2249 1971 solidatur

99 1977 236 2030 glarca
255 1977 328 2026 ⁸⁰),
360 1981 558 2029 postremo
588 1981 791 2028 aequatur.
848 1976 1040 2015 Eventum
1071 1976 1119 2016 da
1143 1979 1213 2025 δι).
1270 1976 1377 2016 Bene
1405 1978 1595 2030 triplicem
1620 1978 1801 2027 *ordinem
1831 1980 1948 2033 facit,
1987 1983 2113 2035 primo
2144 1986 2247 2026 enim

100 2033 156 2073 ait
185 2031 371 2071 vertenda
404 2037 465 2071 est
493 2035 598 2079 area,
629 2035 718 2083 post
748 2030 925 2082 cylindro
955 2030 1158 2082 aequanda
1190 2037 1267 2081 est,
1299 2033 1413 2072 tertio
1444 2037 1550 2072 creta
1570 2034 1697 2074 tenaci
1716 2034 1932 2076 solidanda.
1953 2059 2003 2066 —
2031 2037 2248 2092 Cylindro,

104 2085 230 2141 lapide
258 2086 428 2127 rotundo
458 2088 498 2128 in
523 2086 681 2126 modum
713 2086 932 2136 columnae,
961 2087 1027 2137 qui
1056 2086 1300 2128 volubilitate
1327 2099 1473 2127 nomen
1502 2088 1668 2140 accepit,
1699 2101 1779 2141 quo
1808 2103 1901 2132 area
1932 2100 2134 2145 aequatur.

234 2141 301 2181 Vs.
335 2140 426 2182 179.
489 2140 625 2186 Creta,
656 2142 742 2181 alba
771 2145 888 2182 terra.
1750 2187 1752 2189 ,

236 2197 302 2236 Vs.
334 2195 426 2238 180.
483 2195 578 2235 Nea
604 2195 778 2248 pulvere
807 2197 919 2234 victa
946 2195 1148 2248 fatiscat,
1185 2195 1394 2251 hypallage
1423 2200 1485 2238 est
1522 2209 1592 2250 pro
1627 2198 1730 2240 victa
1765 2198 1920 2242 fatiscat
1955 2201 1995 2242 in
2035 2202 2248 2256 pulverem.

104 2250 283 2292 Pulvere
310 2253 489 2303 fatiscat
516 2254 538 2292 i.
570 2265 602 2292 e.
632 2253 671 2292 in
699 2252 900 2305 pulverem
929 2251 1117 2292 solvatur.
1145 2274 1201 2280 -—
1228 2251 1441 2296 Fattseat,
1475 2252 1664 2304 dehiscat,
1695 2260 1840 2307 crepet.

237 2308 304 2348 Vs.
337 2306 428 2349 181.
486 2306 710 2352 Inluclant‚
739 2311 896 2347 nocent.
935 2330 991 2335 —
1018 2305 1239 2359 Exiyuus,
1271 2307 1405 2348 debuit
1433 2308 1535 2348 enim
1566 2308 1697 2350 dicere
1723 2321 1870 2362 parvus
1881 2323 1894 2361 3
1931 2311 2100 2367 exiguus
2128 2326 2248 2355 nam-

103 2375 182 2417 que
211 2364 275 2404 cui
303 2363 448 2416 aliquid
488 2375 539 2403 ex
577 2363 708 2403 debito
747 2362 964 2403 detrahitur
998 2366 1066 2403 aut
1100 2363 1230 2415 aliqua
1264 2374 1356 2415 pars
1394 2363 1571 2416 corporis
1610 2364 1808 2417 aufertur,
1846 2378 1991 2419 parvus
2027 2380 2123 2411 vero
2161 2382 2251 2412 mus

95 2423 240 2463 natura
260 2420 326 2467 ⁸²).

236 2474 304 2514 Vs.
338 2472 427 2516 182.
483 2471 642 2512 Domus
672 2477 798 2525 atque
825 2472 997 2517 horrea,
1037 2472 1179 2514 domus
1209 2476 1248 2514 et
1275 2472 1417 2514 horrea
1438 2475 1494 2523 ⁸³)
1523 2475 1598 2525 ait,
1636 2477 1680 2514 ut
1707 2475 1860 2528 copiam
1889 2477 2038 2532 abrepti
2065 2479 2250 2523 frumenti

103 2528 351 2583 exprimeret.
409 2532 590 2568 liminius
620 2528 724 2570 dicit.
1375 2532 1377 2535 “

238 2584 305 2625 Vs.
338 2583 429 2627 183.
492 2582 643 2636 Capti,
672 2584 780 2626 caeci
790 2596 803 2635 ;
838 2583 957 2636 capti
995 2582 1163 2636 talpae,
1200 2583 1364 2625 mutavit
1398 2594 1549 2637 genus,
1586 2587 1630 2624 ut
1665 2583 1877 2627 bucolicis:
1915 2587 2056 2629 timidi
2091 2590 2248 2632 damae.

110 2636 265 2691 stupa,
297 2652 423 2694 genus
452 2640 614 2681 bestiae.

239 2695 306 2735 Vs.
340 2691 430 2736 184.
488 2693 625 2748 Bafo,
651 2707 747 2737 rana
774 2694 973 2736 terrestris
999 2693 1143 2736 nimiae
1170 2692 1461 2748 magnitudinis.
1490 2717 1542 2724 —
1572 2692 1766 2735 Plurima
1793 2699 1950 2747 terrae,
1977 2699 2068 2740 talia
2095 2711 2249 2755 purga-

106 2754 236 2791 menta
258 2754 400 2792 terrae.

239 2805 305 2846 Vs.
339 2803 442 2847 185.
486 2804 694 2858 Populat,
723 2804 926 2859 despoliat.

249 2962 301 3005 69)
326 2962 432 2996 haut
463 2969 498 2997 et
531 2964 747 2998 attbenis.
806 2965 858 3006 w)
884 2963 985 2999 Cod.:
1020 2962 1227 3005 caelenis,
1260 2967 1291 2996 et
1324 2963 1421 3007 paulo
1446 2970 1539 3008 post:
1562 2966 1746 3009 ospicio.
1808 2965 1860 3006 τι)
1893 2975 1990 3000 ares
2012 2967 2250 3004 adorabas.

109 3006 160 3050 Ι12)
185 3007 440 3043 eleusinam.
487 3010 538 3051 ’13)
565 3010 841 3044 frumentate
864 3016 1017 3044 runtur
1041 3011 1194 3043 tarcis.
1243 3010 1295 3051 ⁶14)
1320 3010 1650 3054 supellectilis.
1705 3012 1757 3054 ¹25)
1784 3010 1889 3046 Cod.:
1914 3011 2035 3048 faeti-1
2060 3020 2090 3048 et
2114 3020 2248 3050 tectu.

110 3054 162 3095 τῦ)
185 3054 369 3089 dentile.
414 3056 467 3097 71)
492 3055 852 3091 habundantiam.
899 3057 951 3099 78)
976 3066 1137 3090 umore.
1183 3055 1234 3097 79)
1259 3058 1488 3090 avertitur.
1534 3057 1586 3098 8⁰)
1612 3067 1729 3091 areo.
1782 3057 1834 3099 81)
1858 3057 1895 3091 ln
1918 3057 1967 3092 his
1991 3059 2117 3095 codicis
2139 3062 2249 3096 verbis

109 3098 210 3134 latere
232 3100 378 3136 videtur:
403 3102 616 3146 cylindro.
665 3101 716 3136 Cf.
740 3113 825 3147 qnae
848 3108 1034 3148 sequuntur.
1080 3103 1133 3144 δε)
1156 3112 1293 3147 parve
1316 3107 1440 3136 totus
1464 3108 1660 3138 naturae.
1705 3103 1758 3146 83)
1783 3113 1930 3146 orrea,
1954 3110 2091 3151 utroque
2116 3107 2202 3141 loco.

762 3175 764 3177 ,
1927 3160 1942 3177 Δ
1958 3161 1984 3177 ΙΙ-
