2430 3177
1167 49 1240 98 21‘

1060 118 1323 138 Μ

122 206 127 210 -
155 199 176 209 ’“
193 206 196 210 -
213 183 307 225 ·Ὓεὶ
331 183 375 226 22.
394 182 581 229 “Omnis
607 194 680 234 pro
698 183 847 224 omnim
868 181 1502 235 :Nomovinis,arbresstatizwmqss
1526 182 1661 234 idest,
1694 185 1918 234 nonomnis
1942 185 2108 236 delectat
2126 195 2269 240 pasto-

107 239 396 294 rale·‘carmen.1
418 237 996 290 levat,-delectat.‹1uMyricae,
1016 250 1143 291 genus
1164 237 1537 285 frutecti-,ff—--flvon
1567 240 1697 290 omniq
1719 239 1901 289 ,arbusta
1931 236 2086 293 ineant}
2117 243 2215 284 haec
2238 248 2272 286 si

109 292 322 348 allegorice·
341 294 501 344 diceret,
528 305 607 333 non
640 303 786 333 omnes>
806 293 945 345 populi
979 293 1134 333 laudem
1165 298 1319 341 amant,
1341 295 1395 339 ⁴)÷
1419 294 1480 338 vel
1516 294 1642 339 ,vicem
1674 292 1799 344 laudis
1829 296 2143 347 suaereddunt,
2184 298 2272 339 ideo

109 347 281 403 regnum*
307 349 510 390 Octaviani
542 348 772 389 et-consulis
801 347 1038 388 laudabam
1068 349 1255 397 cantabo;
1296 348 1357 390 vel
1376 349 1507 394 omnia
1527 349 1576 388 ad
1597 346 1799 390 Christumv
1814 350 2006 402 referunt.
2068 352 2270 407 Myr-icae,

109 404 322 458 virgultum
342 404 641 451 infructuosum,
673 402 883 455 allegorice
913 404 1084 442 carmina
1114 403 1331 444 humiliora.
1385 443 1390 446 ,
1939 435 1941 437 .

207 471 209 473 “
244 460 316 499 Vs..
340 457 379 500 3.
405 469 407 471 ’
443 457 492 496 Si
523 458 703 496 canimus
730 456 871 509 silvas,
903 457 1014 498 side
1036 455 1196 510 'rusticis
1217 458 1577 501 Pebflsisssl'lhilnus.
1597 480 1651 488 —
1675 458 1724 496 Si
1747 460 1927 500 canimus
1958 460 2098 506 silvas,
2129 461 2167 501 id
2189 467 2271 503 est:

109 516 144 555 si
175 516 327 556 animus
357 525 468 554 meus
499 513 615 566 digne
645 513 777 563 silvas,
806 512 844 552 id
875 518 934 553 est
962 513 1158 565 pastorale
1187 525 1356 561 carmen,
1389 512 1580 564 expediat,
1611 513 1674 553 vel
1704 515 1737 553 si
1767 516 1917 555 animus
1942 516 2123 557 Pollionis
2154 517 2271 558 silvas

109 569 265 622 diligat,
283 569 322 609 id
352 574 413 608 est
442 580 599 610 carmen
630 579 772 607 meum.
835 565 978 606 Silvae
1007 568 1091 608 stiut
1122 567 1487 619 consulediynae,
1514 567 1557 614 id
1586 572 1659 617 est,
1691 570 1839 620 possim
1869 575 1905 609 et
1925 583 1999 624 ego
2023 573 2061 611 in
2081 572 2271 612 bucolicis

110 623 228 678 digne
257 624 401 676 aliquid
432 621 480 664 de
508 622 680 662 Pollione
710 621 903 677 scribere,
943 623 1009 675 qui
1039 623 1174 675 utique
1200 628 1287 663 erat
1308 622 1546 676 designatus
1579 624 1717 664 consul
1747 636 1793 664 eo
1825 628 2021 677 tempore,
2054 639 2131 678 quo
2162 628 2268 680 agris

110 683 291 735 praeerat
319 678 546 719 dividendis.
969 696 972 700 ι
1166 701 1168 703 -
1219 711 1221 714 Α
1328 689 1330 691 ·
1678 696 1681 702 =
1717 694 1721 696 *
1799 711 1803 727 ,
1840 711 1858 728 ,1
2050 715 2054 726 2

174 741 178 759 2
243 734 309 774 Vs.
340 732 376 774 4.
446 731 614 775 Ultima,
628 737 831 784 suprema.
856 730 1044 786 Cymaei,
1069 733 1295 786 Sibylliaci·„
1320 731 1785 787 Cymaeaquiasibylla.
1805 739 1989 786 quattuor
2009 735 2171 775 deorum
2194 735 2269 776 de-

110 789 267 841 scripsit
285 799 427 841 regna,
459 799 561 838 quae
584 787 753 839 Cymaea
775 787 916 829 dicitur
936 787 985 827 de
1005 793 1138 828 monte
1159 789 1295 840 Cymo,
1319 795 1356 829 et
1375 789 1473 828 haec
1493 794 1553 829 est
1573 790 1732 841 Sibylla,
1763 801 1864 841 quae
1883 790 1932 829 de
1953 789 2105 830 Christo
2131 792 2272 831 cecinit

109 844 228 883 multa
237 857 248 892 ;
263 843 347 883 -sed
369 842 507 882 melius
529 842 688 882 Hesiodi
709 843 909 892 carminis,
932 843 997 895 qui
1019 843 1212 896 Cymaeus
1234 844 1282 884 de
1303 843 1434 896 Cyme,
1465 843 1584 884 Asiae
1603 845 1780 895 civitate,
1814 845 1964 885 dicitur.
1986 843 2144 896 Aetas,
2164 850 2271 886 tem-

108 908 195 951 pus.
216 908 270 926 —'
298 897 454 938 Ultima-
488 895 664 951 Cymaei.
701 897 777 938 Alii
797 898 1005 950 Sibyllam,
1037 911 1138 950 quae
1167 899 1337 951 Cymaea
1365 899 1459 949 fuit,
1489 900 1740 953 intellegunt,
1772 912 1873 952 quae
1902 905 2086 952 quattuor
2115 901 2272 942 saecula

108 954 216 995 libris
243 955 329 994 suis
351 953 527 1007 digessit,
560 965 734 1003 aureum,
766 959 1009 1006 argenteum,
1039 967 1196 995 aereum
1225 960 1263 994 et
1291 954 1460 996 ferreum
1470 967 1481 1003 ;
1512 955 1575 994 alii
1602 956 1732 995 verius
1750 955 1983 1006 Hesiodum,
2015 956 2080 1007 qui
2110 955 2212 1009 apud
2231 959 2269 1005 ⁵)

110 1010 272 1063 Cymen,
303 1009 440 1050 urbem
460 1007 591 1058 Asiae,
623 1009 730 1058 vixit,
761 1010 905 1061 quique
926 1021 997 1061 per
1017 1009 1218 1058 ordinem„
1237 1014 1279 1049 ut
1299 1009 1456 1062 Sibylla,
1479 1009 1642 1052 deorum
1662 1022 1784 1063 regna
1805 1011 1959 1062 scripsit
1983 1015 2020 1050 et
2041 1012 2116 1061 ait,
2147 1023 2271 1064 regna

108 1066 148 1105 in
179 1065 289 1105 caelo
321 1076 411 1103 esse
440 1063 612 1112 diversa,
643 1064 808 1115 primum
830 1065 986 1103 Saturni
1006 1063 1131 1103 fuisse
1150 1077 1324 1113 aureum,
1355 1064 1495 1103 deinde
1513 1064 1615 1103 Iovis
1636 1070 1877 1116 argenteum,
1909 1065 2079 1118 Neptuni
2094 1078 2270 1110 aeneum,

108 1122 309 1173 postremo
322 1118 532 1170 ³Apollinis.
572 1115 861 1166 Hocssequitur
878 1117 1075 1168 Virgilius.
1115 1117 1307 1168 Regnum,
1340 1118 1444 1167 quod
1465 1119 1732 1167 posteritatem
1762 1118 1987 1170 significat,
2008 1124 2045 1158 et
2076 1119 2123 1159 ad
2142 1119 2270 1171 Apol-

107 1177 225 1217 linem
250 1169 450 1225 'pertinere
477 1173 529 1210 ait
558 1170 663 1210 etin
692 1170 894 1211 honorem·
913 1170 1105 1221 Caesar-is,
1138 1169 1475 1223 qui5a2Apollinem
1505 1183 1550 1210 se
1572 1171 1780 1224 Augustus
1808 1173 1889 1213 vult
1917 1175 2052 1225 accipi.
2119 1173 2273 1213 Ultima

114 1228 280 1284 Cymaea·
301 1227 504 1270 carminis,
528 1226 635 1277 quod
652 1225 774 1277 Cyme
791 1225 936 1277 Sibylla
956 1225 1174 1277 descripsit,
1195 1227 1234 1265 in
1251 1238 1329 1278 quo
1350 1225 1542 1278 praedixit
1560 1226 1701 1266 futuris
1717 1227 1885 1268 saeculis
1907 1233 2082 1280 tempora
2098 1230 2271 1270 meliora.

86 1280 91 1283 ’
186 1304 189 1307 -
241 1283 307 1322 Vs.
339 1281 378 1322 5.
439 1277 622 1332 Magnas
653 1279 703 1318 ab
734 1281 915 1333 inteyro,
947 1280 995 1320 ab
1017 1281 1181 1335 origine,
1214 1281 1263 1323 de
1282 1293 1400 1332 novo,
1432 1281 1479 1321 ab
1509 1281 1631 1332 initio,
1664 1282 1812 1332 denuo,
1845 1282 1920 1322 hoc
1940 1288 2021 1334 est,
2053 1290 2095 1325 ut
2112 1284 2271 1325 fuerunt

108 1341 231 1390 bona,
261 1338 314 1377 ita
345 1343 384 1377 et
411 1348 516 1376 nunc
546 1340 670 1375 erunt.
1534 1341 1537 1343 “

242 1394 309 1432 Vs.
341 1390 378 1432 6.
449 1390 600 1443 Viryo,
631 1391 798 1447 iustitia,
830 1391 1129 1431 inter.rusticos
1161 1397 1330 1442 morata,
1362 1391 1518 1446 fugiens
1547 1403 1678 1432 mores
1706 1391 1905 1433 hominum
1935 1394 2073 1445 malos,
2103 1396 2141 1435 in
2173 1408 2270 1436 cae-

111 1452 190 1490 lum
221 1449 366 1489 abiisse
395 1447 582 1495 serviret,
622 1458 727 1486 nunc
756 1446 915 1486 redisse
937 1447 1048 1500 virgo
1078 1447 1302 1499 iustitiaque
1323 1447 1503 1489 'decrevit
1532 1452 1692 1498 propter
1721 1448 1922 1488 hominum
1952 1452 2271 1491 conversationes

111 1505 174 1545 vel
213 1509 363 1552 terrae,
407 1514 508 1553 quae
535 1513 641 1541 nunc
666 1501 859 1555 frugifera
889 1501 991 1541 sicut
1031 1506 1068 1541 et
1098 1506 1211 1552 tunc,
1252 1503 1314 1544 vel
1344 1501 1668 1547 SaturniMaria.
1692 1517 1758 1549 ’-,-
1795 1501 1881 1541 lam
1917 1504 2027 1552 redit
2064 1510 2105 1544 et
2135 1507 2270 1558 vir-90,

110 1560 163 1601 id-
188 1563 254 1599 est
286 1557 716 1608 incorrupta›iustitia,
764 1568 865 1608 quae
901 1556 1219 1609 fugiens.·malos
1255 1557 1456 1597 hominum
1496 1568 1626 1596 mores
1667 1554 1714 1596 in'
1743 1558 1893 1598 caelum
1934 1558 2074 1599 dicitur
2116 1561 2270 1601 abiisse.

113 1614 307 1659 Redeunt
340 1611 543 1649 Saturnia
572 1623 714 1662 regma,
749 1623 850 1662 quae
880 1611 1140 1650 credebantur
1169 1623 1288 1651 aurea
1318 1611 1454 1652 fuisse.
1516 1611 1710 1657 Quattuor
1740 1614 1880 1652 etenim
1911 1614 2068 1655 saecula
2089 1615 2271 1656 dixerunt

111 1669 309 1717 extitisse,
350 1666 390 1705 id
419 1672 479 1706 est
517 1676 698 1715 aureum,
736 1671 988 1719 argenteum,
1021 1678 1201 1713 aereum,
1233 1665 1403 1706 ferreum
1414 1679 1438 1714 ;‹
1458 1677 1553 1718 ergo
1584 1678 1746 1706 aureum
1778 1667 1924 1708 dictum
1955 1670 2270 1718 estrediturum.

241 1723 308 1762 Vs.
339 1720 376 1762 7.
436 1719 521 1758 Iam
549 1733 657 1759 nova
684 1721 924 1772 proyenies,
956 1720 1156 1761 Salonium
1178 1720 1282 1770 dicit,
1314 1720 1432 1765 filium
1454 1720 1651 1771 Pollionis,
1682 1722 1748 1772 'qui
1769 1722 1900 1762 multis
1921 1736 2010 1774 cum
2029 1718 2216 1778 prodigiis
2231 1730 2269 1775 ὓ)

109 1781 225 1822 natus
257 1785 346 1818 esse
377 1775 516 1817 dicitur
538 1781 592 1815 ‘et‘
612 1776 749 1816 risisse
778 1777 908 1816 statim
945 1781 983 1816 et
1011 1775 1082 1815 XX
1112 1775 1253 1828 digitos
1293 1777 1332 1815 in
1364 1776 1541 1817 manibus
1581 1776 1768 1816 habuisse
1805 1782 1844 1817 et
1879 1790 1984 1818 nono
2024 1779 2086 1819 die
2124 1781 2270 1832 obisse,

109 1834 215 1877 unde
243 1836 404 1886 propter
434 1832 651 1882 praesentia
682 1830 781 1870 mala
814 1830 1022 1883 cupiditate
1065 1835 1285 1882 temporum
1316 1831 1521 1874 meliorum
1549 1831 1778 1872 coniiciebat
1817 1833 1921 1874 aliud
1962 1835 2162 1875 saeculum
2201 1847 2273 1877 se-

111 1895 305 1930 cuturum.
338 1908 390 1916 —-
422 1885 677 1937 Proyenies‚
718 1886 925 1927 Saloninus
955 1886 1018 1925 vel
1046 1885 1251 1939 Augustus
1283 1886 1344 1927 vel
1376 1886 1555 1926 Christus
1584 1886 1647 1925 vel
1674 1886 1902 1938 Marcellus,
1943 1889 2129 1937 Octaviae
2148 1890 2271 1932 filius.

116 1943 246 1983 Caelo
257 1973 270 1995 ,
306 1957 327 1983 a
358 1943 467 1981 caelo
505 1941 567 1980 vel
605 1941 654 1981 de
684 1941 812 1991 caelo,
854 1942 945 1993 quia
974 1941 1130 1981 volebat
1161 1953 1250 1981 eum
1282 1941 1390 1981 credi
1418 1954 1441 1985 a
1471 1941 1543 1981 diis
1579 1941 1776 1994 genitum,
1816 1943 1980 1996 velper
2008 1944 2084 1986 hoc
2112 1945 2272 1987 Pollioni

110 1999 311 2048 adolatur,
336 1997 427 2037 dum
457 2008 545 2036 eum
574 1995 720 2036 habere
749 1996 842 2036 dicit
870 1996 1059 2036 honorem
1089 1996 1275 2037 deorum..
1460 2036 1466 2039 ⁷
1682 2042 1685 2044 ,

122 2069 123 2072 “
244 2054 312 2094 Vs.
328 2051 381 2093 ’8.
418 2058 420 2061 ’
446 2049 521 2096 Tu,
551 2050 690 2092 Diana.
723 2072 727 2082 ι
751 2048 906 2102 Puero,
935 2051 1091 2092 Phoebo
1107 2051 1174 2090 vel
1194 2051 1394 2091 Salonino.
1456 2050 1548 2096 Quo
1566 2050 1706 2103 ferrea
1721 2054 1910 2104 primum,
1942 2050 2040 2108 gens
2061 2049 2270 2108 laboriosa,

111 2111 173 2156 vel
202 2110 267 2150 lex
296 2113 422 2157 vetus,
453 2107 516 2146 vel
546 2106 721 2146 aemulos
750 2105 1016 2146 Romanorum
1046 2112 1270 2157 compescet
1298 2118 1407 2159 puer.
1439 2127 1497 2135 --
1537 2105 1599 2145 Tu
1629 2107 1750 2154 modo
1782 2112 1969 2149 nascenti
1993 2104 2124 2161 puero
2155 2115 2273 2150 casta

109 2166 206 2217 fave
237 2162 412 2206 Lucina,
442 2161 482 2201 id
511 2165 572 2201 est
600 2161 760 2202 Salonio
789 2160 878 2201 fave
900 2161 1051 2209 Diana,
1083 2173 1201 2212 quam
1229 2165 1439 2201 nascentes
1470 2173 1615 2213 pueros
1645 2163 1685 2202 in
1715 2164 1843 2208 lucem
1873 2165 2043 2207 educere
2071 2167 2270 2218 putabant.

117 2220 208 2267 Quo
236 2221 376 2272 ferrea
403 2218 592 2268 primum,
622 2216 662 2256 id
690 2220 750 2256 est
778 2215 920 2256 desinit
947 2216 1117 2256 ferreum
1149 2216 1361 2264 saeculum,
1395 2221 1438 2255 ut
1470 2219 1619 2258 oriatur
1648 2231 1823 2259 aureum.
1991 2240 1993 2243 v

247 2276 313 2315 Vs.
346 2270 384 2313 9.
449 2269 559 2310 Gens
589 2284 738 2323 aurea,
767 2271 933 2312 Romani
962 2271 1000 2310 in
1027 2270 1189 2321 deliciis,
1221 2272 1283 2311 vel
1312 2283 1431 2312 aurea
1461 2271 1600 2312 domus
1630 2273 1792 2325 Romae,
1824 2274 1885 2314 vel
1913 2287 2015 2316 nova
2044 2275 2109 2315 lex
2139 2287 2269 2318 aurea.

115 2328 304 2374 Desinet,
336 2331 477 2368 cessat.
1208 2362 1210 2364 .
1335 2364 1339 2369 .
1965 2374 1967 2377 ,
2060 2376 2063 2380 ,

133 2425 136 2428 ,
180 2390 192 2400 “
247 2386 312 2424 Vs.
348 2382 412 2424 10.
473 2380 647 2433 Lucina,
668 2380 707 2420 id
728 2386 788 2421 est
808 2381 943 2432 Diana,
967 2394 1068 2433 quae
1089 2382 1191 2434 apud
1212 2382 1369 2423 Latinos
1390 2382 1535 2422 Lucina
1561 2383 1712 2432 dicitur,
1744 2383 1845 2436 apud
1867 2383 2039 2434 Graecos
2059 2384 2271 2435 Iathiasffi)

111 2440 258 2481 Lucina
279 2432 365 2486 dea,
387 2437 810 2490 quae-parturientibus
832 2437 958 2477 lucem
980 2437 1168 2489 praebere
1189 2437 1340 2486 dicitur,
1368 2436 1670 2488 quaeduasffit)
1693 2438 1889 2490 lampades
1911 2439 2088 2492 duasque
2106 2441 2271 2493 pupillas

113 2494 258 2536 habere
289 2495 447 2542 dicitur,
488 2492 594 2544 quod
626 2491 879 2532 nascentibus
917 2493 1048 2545 pueris
1089 2492 1215 2532 lucem
1254 2504 1463 2544 perennem
1496 2492 1581 2542 det,
1620 2493 1681 2532 vel
1711 2493 1816 2544 quod
1845 2494 1922 2534 luci
1951 2496 2106 2547 praesit.
2136 2519 2188 2524 —-
2221 2495 2272 2534 -0

114 2554 232 2594 tuus,
272 2550 407 2589 Diana.
468 2546 551 2585 Iam
581 2551 730 2598 reynat
758 2545 1077 2600 Ap'oll0‚?.quia
1117 2546 1316 2597 dixerunt,
1356 2546 1576 2598 Apollinem
1616 2548 1851 2600 quandoque
1885 2555 2160 2603 regnaturum,
2206 2552 2272 2603 qui

113 2598 234 2646 frater
262 2604 411 2644 Dianae
439 2602 667 2655 putabatur3
697 2602 760 2642 vel
782 2602 1107 2655 >perApollin'em
1135 2602 1344 2642 Caesarem
1373 2602 1461 2643 vult.
1483 2602 1682 2656 intellegi,-
1882 2622 1884 2627 ·
1957 2651 1960 2654 ¹
2109 2623 2112 2626 *

248 2659 314 2698 Vs.
347 2657 408 2698 11.
474 2655 625 2709 Teque,
657 2657 836 2697 adolatur
858 2658 1075 2698 consulem.
1107 2681 1158 2686 --
1195 2655 1332 2708 Teque
1363 2657 1469 2695 adeo
1499 2656 1625 2695 decus
1654 2656 1748 2708 lzoc,
1780 2658 1829 2698 ad
1850 2658 2062 2700 Pollionem
2087 2660 2269 2714 loquitur,

113 2727 161 2762 ac
180 2718 217 2763 ⁷)
250 2714 282 2753 si
313 2712 472 2763 diceret,
502 2713 601 2752 haec
629 2711 731 2752 bona
763 2717 830 2752 tuo
862 2713 1069 2752 consulatu
1099 2713 1340 2764 provenient.
1404 2710 1547 2755 Inibit,
1574 2713 1723 2764 incipit.
1884 2757 1889 2760 ,
2055 2761 2057 2763 .

248 2769 313 2808 Vs'.
348 2766 412 2808 1-2':
471 2767 644 2820 Maqm’,
674 2767 802 2820 longi,
832 2768 895 2807 vel
924 2780 994 2820 pro
1025 2768 1178 2820 populis
1208 2767 1511 2820 intellegendum
1541 2773 1601 2811 est
1629 2768 1758 2809 lucido
1789 2780 1908 2821 opera
1938 2770 2050 2821 quasi
2081 2770 2163 2810 dies
2194 2770 2270 2811 ha-

114 2825 307 2865 bentibus.
331 2847 381 2853 -
413 2821 659 2865 procedere,
689 2823 834 2862 venire.
895 2822 1045 2874 Magni
1073 2834 1238 2866 menses,
1269 2822 1487 2872 duodecim,
1520 2823 1585 2874 qui
1607 2822 1697 2864 ante
1718 2822 1852 2864 decem
1872 2823 1995 2875 suere,
2027 2825 2087 2864 vel
2105 2826 2271 2879 magni

116 2891 420 2930 menses-pro
452 2878 601 2932 magnis
633 2878 848 2934 populis-,5
1748 2876 1751 2877 ⁷
1851 2877 1855 2880 ”
1884 2878 1887 2879 ’

247 2970 281 3030 ’4)
305 2972 410 3023 'Cod.:
437 2993 585 3021 emunt.
634 2960 796 3030 ⁵)'cod.:
823 2995 943 3033 aput,
966 2969 1015 3023 ct:
1034 2990 1075 3023 ad
1101 2989 1208 3033 eclog.
1232 2988 1292 3029 111,
1309 2972 1367 3022 ἶνε.
1387 2976 1535 3023 50.'a'dn.
1556 2987 1610 3023 17.
1644 2978 1694 3032 ’65
1721 2989 1821 3023 Cod.:
1849 3000 1924 3034 pro
1948 2975 2109 3035 di'gnlis.
2151 2991 2187 3034 “)
2205 2991 2272 3026 Vo-

118 3036 218 3069 luitne
240 3035 399 3068 scribere:
425 3033 633 3077 Ilithyia?
679 3034 736 3077 ’Ὀ
763 3034 862 3069 Cod.:
888 3036 1016 3070 diras.
1065 3036 1098 3077 7)
1125 3034 1226 3069 Cod.:
1253 3034 1331 3069 hae
1356 3036 1402 3068 si.
