2430 3177
1186 58 1255 106 26

1089 129 1113 142 s

145 194 286 247 sagitta
323 194 471 234 inlaeso
511 205 633 246 puero
672 191 864 233 transfixit
910 196 948 231 et
987 192 1119 232 occiso
1160 192 1332 232 dracone
1369 189 1488 231 filium
1526 190 1760 231 incolumem
1794 191 1983 232 liberavit.
2020 213 2075 220 -—-
2111 189 2300 230 Alconis.

144 248 269 288 Alcon
299 250 556 302 peritissimus
587 246 990 300 sagittariorum*ite1·
1029 258 1152 299 agens
1191 259 1357 299 puerum
1387 246 1566 298 adspexit
1603 258 1625 285 a
1655 251 1837 298 serpente
1866 247 2171 298 circumplexum
2193 250 2230 294 8)
2262 250 2302 286 et

146 303 287 344 direxit
317 305 498 356 sagittam
527 313 728 355 pueroque
755 301 901 341 intacto
931 307 1154 353 serpentem
1184 302 1338 343 occidit.
1399 314 1582 341 IUNILIUS
1613 300 1715 340 dicit.
1779 299 1920 340 Codri.
1972 301 2138 352 Codrus,
2168 300 2299 341 Athe-

146 359 336 398 niensium
368 359 459 407 dux,
492 371 580 398 cum
609 359 710 396 inter
729 355 1059 396 Lacedaemonios
1087 362 1125 397 et
1144 356 1404 397 Athenienses
1434 357 1535 396 bella
1565 355 1802 410 gerebantur
1832 361 1870 395 et
1896 357 2002 397 nullo
2032 356 2150 397 modo
2179 360 2299 408 pote-

144 417 233 452 rant
262 415 476 466 compesci,
509 417 670 464 accepto
699 423 892 464 responso
917 410 1122 463 Apollinis,
1154 425 1292 453 eorum
1318 411 1406 452 fore
1434 412 1659 461 victoriam,
1691 422 1858 462 quorum
1888 423 1959 451 rex
1985 412 2156 453 hostium
2184 422 2303 451 manu

146 467 375 516 cecidisset,
415 472 453 507 et
478 480 527 507 ex
555 479 790 520 quacunque
819 467 904 506 acie
931 468 1111 520 princeps
1140 468 1280 508 fuisset
1309 468 1491 518 occisus,
1519 467 1624 506 illam
1655 471 1694 506 et
1721 467 1903 514 vincere3
1941 479 2030 506 cum
2060 479 2156 520 ergo
2183 477 2303 506 nemo

147 521 309 562 auderet
337 524 548 575 principem
579 522 772 571 occidere,
805 521 958 562 Codrus
987 523 1062 562 iste
1090 523 1223 563 servili
1254 528 1291 562 et
1319 523 1466 562 rustico
1495 522 1649 569 habitu,
1680 523 1793 573 quasi
1821 533 1924 560 unus
1951 522 2225 574 pabulatorum
2252 520 2304 560 ad

147 577 282 617 hostes
316 578 476 617 veniens
514 582 621 619 tanta
657 578 784 632 iurgia
821 578 1000 630 ingessit,
1039 582 1083 618 ut
1120 583 1288 618 mortem
1326 581 1554 617 mereretur.
1623 577 1689 618 Sic
1723 589 1819 630 ergo
1859 577 1906 618 ab
1949 577 2006 616 eis
2035 578 2190 618 occisus
2220 577 2302 617 suis

148 632 352 672 victoriam
383 634 572 685 praebuit.

281 687 348 726 Vs.
381 687 445 728 12.
510 687 678 741 Tityrus
707 686 861 726 haedos
871 716 884 738 ,
911 699 992 728 non
1021 692 1061 727 te
1088 688 1270 727 retinebit
1299 687 1388 727 hoc.

281 742 348 782 Vs.
383 741 444 783 13.
504 743 554 782 1η
584 744 741 782 cortice
768 743 876 794 fayi.
933 741 1092 795 Antiqui
1122 744 1293 783 carmina
1321 743 1360 782 in
1391 743 1537 783 cortice
1565 741 1800 792 scribebant,
1829 743 1919 793 quia
1939 740 2074 781 charta
2101 750 2182 780 non
2209 743 2305 780 erat.

281 797 349 836 Vs.
383 796 446 838 14.
507 798 753 849 Modulans,
782 797 920 838 modos
951 809 1191 849 componens
1222 799 1449 837 carminum.

281 852 348 891 Vs.
382 852 445 893 15.
504 852 736 905 Emperiar,
766 852 904 892 dicam.
933 876 987 882 —-
1017 852 1230 905 Amyntas,
1261 852 1502 893 cornificius,

282 907 349 946 Vs.
382 905 445 949 16.
505 907 662 951 Lenta,
697 907 889 947 flexibilis.
952 906 1078 945 Salisc
1102 907 1288 959 pallenti
1318 908 1432 947 cedit
1460 906 1618 950 olivae,
1649 907 1740 958 quia
1769 906 1868 947 salix
1898 906 2038 946 similia
2065 904 2159 945 folia
2186 903 2308 944 habet

151 962 289 1013 olivae,
323 967 361 1002 et
389 976 515 1014 paene
543 964 689 1003 similes
719 967 812 1003 sunt
841 962 942 1002 salix
971 967 1009 1001 et
1038 962 1152 1003 oliva.

283 1017 350 1056 Vs.
384 1016 447 1057 17.
506 1016 721 1062 Puniceis,
751 1017 896 1057 rubeis.
958 1016 1176 1069 Saliunca,
1205 1029 1331 1070 genus
1360 1017 1506 1057 herbae
1534 1017 1672 1056 florem
1700 1017 1891 1058 minutum
1909 1026 2054 1071 gerens
2084 1013 2309 1055 suavissimi

153 1072 299 1113 odoris.
359 1085 541 1113 mmmus
572 1073 676 1112 dicit.
706 1096 762 1104 —
792 1071 977 1115 Rosetz's,
1008 1084 1029 1112 a
1056 1084 1163 1122 rosa,
1195 1078 1240 1113 ut
1267 1073 1454 1112 rubentes
1482 1084 1608 1112 rosas.
1639 1093 1695 1101 -

284 1127 350 1166 Vs.
385 1126 448 1167 19.
506 1126 664 1166 Desine
701 1127 844 1166 dicere.
906 1125 1204 1177 successimus,
1242 1127 1481 1166 intravimus.
1518 1147 1574 1156 -
1616 1125 1894 1165 successimus
1930 1131 2066 1166 antro.
2129 1125 2215 1165 Hoc
2244 1127 2311 1177 lest

153 1182 407 1234 colloquium,
433 1194 538 1222 nunc
565 1182 695 1222 luctus
723 1182 868 1234 incipit.

285 1237 351 1276 Vs.
383 1235 448 1278 20.
512 1235 684 1275 crudeli
710 1237 868 1286 scotere,
900 1246 1019 1275 saeva
1045 1239 1184 1275 morte.
1244 1234 1411 1275 Crudele
1438 1235 1557 1276 funus
1587 1239 1648 1274 est
1674 1236 1772 1274 vivis
1801 1235 2028 1287 parentibus
2057 1235 2171 1275 mori.
2239 1233 2312 1275 Vel

154 1291 203 1331 de
233 1291 402 1332 Caesare
431 1292 534 1342 dicit,
566 1293 633 1343 qui
660 1289 797 1344 viginti
822 1290 945 1330 tribus
966 1290 1093 1342 plagis
1121 1291 1162 1329 in
1182 1291 1288 1329 curia
1310 1290 1520 1330 confossus
1543 1294 1615 1329 est.
1673 1288 1899 1340 Daphnim.
1940 1289 2114 1342 Daphnis
2146 1289 2314 1329 eximiae

153 1346 303 1386 formae
331 1359 403 1386 rex
430 1351 632 1399 pastorum
673 1352 711 1386 et
747 1357 826 1385 non
856 1345 922 1385 diu
948 1345 1055 1384 vixit.
1113 1344 1189 1383 Alii
1218 1344 1429 1398 allegorice
1457 1345 1605 1385 luctum
1645 1344 1818 1385 Salonini
1852 1345 2020 1386 relatum
2058 1344 2204 1394 dicunt,
2239 1343 2312 1384 sed

155 1402 280 1454 magis
312 1401 547 1453 epitaphium
575 1401 705 1441 fratris
741 1400 1028 1453 intellegimuS,
1068 1404 1107 1438 et
1128 1400 1312 1453 Virgilius
1350 1400 1482 1452 speeie
1509 1399 1724 1452 Daphnidis
1758 1399 1917 1440 fratrem
1947 1411 2090 1450 suum,
2131 1398 2313 1440 Flaccum

155 1457 333 1505 nomine,
365 1456 494 1507 deflet,
528 1457 703 1508 quamvis
737 1455 799 1495 alii
829 1454 878 1494 de
906 1454 1001 1495 lulio
1035 1453 1206 1495 Caesare
1234 1454 1378 1496 dicunt.
1437 1468 1620 1494 lumnms
1653 1455 1827 1495 dicit.—
1853 1452 2079 1506 Daphnim.
2137 1454 2313 1507 Daphnis

155 1516 291 1563 pastor
319 1512 383 1551 hic
412 1525 499 1553 cum
530 1517 677 1552 amaret
709 1510 918 1551 Caedinam
945 1510 1156 1561 nympham
1188 1515 1226 1550 et
1253 1509 1369 1549 fidem
1398 1511 1433 1550 ei
1462 1510 1657 1561 dedisset,
1689 1515 1888 1563 expertem
1917 1522 1963 1550 se
1990 1510 2163 1549 omnium
2191 1509 2312 1549 ferni-

156 1578 295 1605 narum
324 1571 478 1619 praeter
507 1579 614 1616 eam,
644 1567 786 1606 iuravit
815 1569 853 1605 et
881 1566 921 1604 in
950 1565 1145 1615 quandam
1172 1565 1383 1617 nympham
1412 1566 1544 1618 lapsus
1576 1571 1657 1616 est,
1689 1570 1727 1605 et
1756 1565 1805 1605 ob
1834 1565 1911 1605 hoc
1937 1565 2129 1617 peiurium
2156 1563 2313 1606 luminis

158 1621 318 1662 orbatus
350 1627 427 1671 est,
471 1622 652 1662 carminis
690 1626 821 1660 tamen
858 1620 999 1659 meruit
1033 1620 1197 1659 scientia
1232 1625 1270 1659 et
1303 1621 1535 1660 venerabilis
1573 1621 1674 1660 inter
1702 1625 1880 1672 pastores
1916 1619 1990 1661 fuit
2026 1631 2097 1671 pro
2128 1618 2311 1658 carmine.

160 1688 341 1716 iummus
372 1676 475 1716 dicit.
517 1674 746 1727 Daphnim.
782 1674 970 1726 Daphnis,
990 1674 1172 1714 Mercurii
1201 1680 1239 1714 et
1258 1675 1408 1715 Hersae
1435 1675 1549 1725 filius,
1579 1676 1618 1715 in
1648 1676 1776 1716 Sicilia
1807 1680 1941 1726 pastor
1968 1676 2134 1714 eximiae
2161 1673 2316 1716 formae

159 1730 283 1771 fuisse
312 1731 463 1781 dicitur,
495 1731 568 1772 sub
597 1732 708 1771 cuius
738 1731 895 1770 nomine
924 1729 988 1769 vel
1015 1728 1208 1778 Flaccum,
1240 1742 1468 1782 germanum
1499 1742 1626 1780 suum,
1657 1730 1721 1770 vel
1748 1730 1887 1769 Iulium
1917 1729 2044 1769 deflet.

291 1787 358 1826 Vs.
389 1784 454 1827 21.
512 1784 704 1830 Flebant,
733 1785 1056 1825 lamentabantur.
1124 1783 1204 1823 Vos
1226 1784 1372 1835 [mestis
1403 1784 1537 1837 coryli
1567 1790 1607 1823 et
1632 1785 1815 1837 flumina,
1846 1785 2030 1836 populum
2051 1788 2089 1824 et
2110 1787 2314 1824 senatores

161 1841 346 1894 appellat3
374 1841 588 1882 notandum
617 1846 747 1881 tamen
776 1839 883 1893 quod
909 1839 1096 1880 feminino
1126 1840 1274 1881 nomini
1303 1844 1341 1879 et
1369 1841 1496 1880 neutri
1523 1840 1735 1894 respondet
1766 1841 1918 1890 [testes]
1936 1843 1974 1889 ⁹)
2006 1838 2171 1881 dicendo
2192 1842 2315 1879 testes

161 1908 229 1937 cor
257 1896 282 1936 li
312 1902 351 1937 et
379 1896 550 1936 flumina.
1189 1909 1212 1922 ν
2224 1900 2227 1902 ’

230 1909 254 1981 y
293 1952 359 1990 Vs.
389 1950 453 1992 22.
519 1949 616 1990 Cum
647 1951 868 2002 complexa
896 1950 972 1989 sui.
1031 1950 1073 1992 Si
1103 1949 1152 1990 de
1180 1949 1319 1991 Flacco
1349 1949 1462 2000 dicit,
1505 1950 1631 1992 Maiae
1665 1953 1799 1992 matris
1829 1952 1913 1992 eius
1943 1951 2182 1991 mentionem
2208 1948 2314 1999 facit,

163 2018 241 2056 qua
267 2007 478 2058 superstite
506 2010 684 2047 mortuus
716 2013 787 2057 est,
820 2007 854 2046 si
882 2006 932 2047 de
950 2006 1131 2055 Caesare,
1163 2005 1361 2058 ma[t]rem
1382 2008 1465 2046 eius
1483 2006 1566 2046 vult
1594 2007 1781 2061 intellegi.
1802 2030 1853 2036 —
1889 2005 2120 2057 Complexa
2149 2016 2314 2055 corpus.

164 2061 380 2113 Superstite
409 2063 511 2102 enim
539 2062 639 2101 Maia
668 2067 792 2102 matre
820 2061 983 2102 Flaccus
1015 2061 1222 2101 defunctus
1248 2066 1319 2111 est,
1350 2072 1453 2112 quae
1482 2062 1566 2101 eius
1587 2068 1754 2103 mortem
1783 2064 1954 2116 graviter
1980 2062 2112 2102 ferens
2139 2071 2220 2102 non
2250 2059 2318 2100 diu

165 2117 388 2168 supervixit.
448 2129 632 2156 manans
663 2116 765 2156 dicit.
797 2139 851 2146 —-
878 2116 1136 2160 Miserabile,
1167 2115 1418 2156 miseratione
1445 2116 1619 2170 dignum.

298 2172 362 2211 Vs.
395 2169 459 2212 23.
520 2171 645 2210 Astra
684 2171 895 2223 crudelia,
939 2184 1009 2225 per
1048 2184 1150 2224 quae
1189 2171 1390 2212 hominum
1428 2170 1508 2212 fata
1545 2173 1694 2212 moveri
1736 2178 1853 2224 atque
1886 2172 2037 2225 impleri
2074 2171 2137 2213 vel
2175 2172 2318 2213 mutari

165 2227 367 2278 putabant3
398 2238 494 2267 sane
524 2226 689 2267 dicendo
719 2227 890 2268 crudelia
921 2227 1036 2267 etiam
1064 2227 1175 2278 deos,
1206 2226 1312 2278 quod
1340 2226 1597 2266 masculinum
1627 2239 1771 2268 nomen
1801 2233 1882 2279 est,
1913 2228 2121 2269 conclusit.

298 2283 363 2321 Vs.
396 2280 460 2322 24.
518 2280 699 2320 Nonulli
722 2287 930 2333 pastores,
960 2294 1041 2322 non
1063 2282 1166 2333 ulli„
1201 2282 1287 2322 Non
1307 2281 1408 2321 ullus
1431 2284 1486 2329 ¹⁰)
1520 2287 1614 2333 erat,
1646 2285 1710 2334 qui
1728 2295 1872 2336 pecora
1892 2283 2104 2335 Daphnidis
2124 2286 2318 2335 pasceret,

167 2336 229 2375 vel
258 2337 386 2376 nullus
417 2349 579 2390 gregem
607 2338 803 2389 propriam
833 2349 904 2391 pro
934 2338 1041 2377 luctu
1068 2337 1242 2388 requirit,
1275 2336 1335 2376 vel
1362 2336 1425 2388 ipa
1452 2348 1594 2388 pecora
1621 2350 1691 2389 pro
1712 2350 1893 2378 moerore
1909 2350 2073 2391 pascere
2099 2337 2319 2379 nolunt.—

169 2388 369 2434 Nonum,
411 2404 551 2431 versus
580 2391 667 2431 XIII
695 2392 943 2444 syllabarum.
1001 2392 1136 2433 Nullus
1173 2392 1280 2445 cogit
1314 2402 1435 2444 pecus
1474 2403 1588 2433 suum
1618 2398 1777 2447 propter
1803 2394 2023 2447 planctum,
2062 2397 2207 2446 pecora
2235 2393 2320 2446 ipsa

169 2456 250 2486 non
278 2446 490 2498 pascebant
520 2459 564 2485 se
592 2459 662 2499 pro
692 2447 833 2487 taedio.
893 2445 1045 2499 Effer-e,
1077 2452 1262 2500 egerunt3
1297 2458 1386 2499 ago,
1417 2447 1492 2501 egi.

304 2501 368 2539 Vs.
400 2500 464 2540 25.
513 2499 716 2552 Daphni,
747 2503 948 2543 vocativus
978 2514 1094 2543 casus
1123 2506 1194 2541 est.

304 2556 370 2594 Vs.
395 2553 466 2595 26.
526 2554 706 2601 Libum,
737 2559 922 2611 gustavit,
954 2557 1016 2596 vel
1046 2558 1182 2597 leviter
1210 2569 1278 2597 ore
1308 2557 1444 2609 attigit.
1479 2578 1527 2586 -
1563 2555 1784 2609 Graminis,
1815 2559 1953 2611 campi.

303 2611 369 2649 Vs.
399 2608 464 2654 27.
523 2607 704 2662 Poenos,
735 2613 924 2653 crudeles.
982 2610 1150 2650 Poenos
1177 2612 1329 2653 leones,
1358 2611 1398 2651 id
1427 2617 1487 2652 est
1514 2611 1742 2662 Africanos,
1772 2613 1835 2653 vel
1867 2613 2209 2668 Carthaginienses
2237 2613 2321 2656 vult

173 2664 345 2718 intellegi
378 2665 517 2704 Iulium
547 2664 715 2705 flevisse.
746 2689 799 2696 ——
829 2666 1000 2711 Leones,
1030 2680 1101 2719 pro
1132 2667 1342 2717 montibus,
1372 2667 1410 2706 in
1439 2664 1579 2718 q‘hibus
1609 2673 1700 2708 sunt
1727 2668 1875 2708 leones.

305 2721 371 2759 Vs.
403 2718 467 2761 28.
525 2717 762 2764 Internum,
801 2728 966 2763 mortem
1002 2722 1087 2762 Iulii
1126 2722 1317 2762 Caesaris.
1377 2720 1604 2762 Internum.
1653 2723 1737 2763 Non
1774 2724 1917 2775 optime
1946 2735 2052 2764 mors
2078 2724 2155 2764 iam
2183 2724 2322 2766 merita

175 2775 350 2816 interitus
379 2775 528 2814 dicitur.
588 2788 770 2815 IUNILIUS
800 2777 902 2817 dicit.
933 2800 985 2806 --
1016 2776 1265 2829 Montesque
1290 2778 1389 2828 feri,
1421 2779 1630 2830 praerupti,
1661 2778 1724 2818 vel
1751 2778 1791 2817 in
1821 2779 1961 2830 quibus
1991 2784 2084 2819 sunt
2109 2778 2230 2832 ferae,
2260 2779 2322 2821 vel

174 2830 206 2869 si
238 2829 286 2870 de
314 2829 411 2870 lulio
441 2831 597 2882 accipis,
626 2830 731 2870 feros
761 2837 912 2872 montes
944 2834 1026 2871 eius
1055 2833 1353 2884 interfectores,
1384 2833 1501 2872 silvas
1530 2833 1747 2873 Romanum
1776 2834 1962 2886 populum
1989 2834 2182 2888 intellege.

305 2963 341 3004 8)
366 2962 466 2997 Cod.:
491 2962 836 2997 circumflexum.
892 2964 927 3006 9)
961 2964 997 2999 In
1021 2965 1116 3001 cod.:
1153 2966 1371 3001 feminino
1397 2967 1569 3002 nomine
1604 2972 1644 3000 et
1667 2972 1821 3001 neutro
1844 2966 2093 3012 respondet
2115 2966 2321 3005 dicendo.

179 3008 228 3049 1⁰)
254 3007 358 3042 Cod.:
386 3009 587 3043 nonnulli
612 3015 644 3043 et
669 3009 918 3043 nonnullus.
