2430 3177
1245 121 1312 169 32

1145 189 1410 205 Μ

339 258 405 298 VS.
436 255 528 298 284.
590 253 779 306 Septima
802 255 906 303 post
934 250 1132 291 decimam
1160 249 1288 302 felix,
1319 249 1413 290 felix
1436 251 1598 304 quidem
1619 250 1784 304 septima
1815 256 1888 303 est,
1919 251 1990 293 sed
2019 251 2170 297 felicior
2189 251 2354 296 decima.

202 316 460 353 Gmnssx'rms
492 312 595 350 dicit.
634 332 687 337 —-
733 307 924 359 Septima
969 310 1071 358 post
1110 306 1309 345 decimam
1349 305 1387 345 id
1430 312 1490 347 est
1527 307 1651 358 XVII,
1693 311 1761 348 aut
1801 308 1964 359 septima
2013 308 2120 352 sola,
2161 313 2229 349 aut
2263 313 2356 362 post

201 369 390 409 decimam
422 376 592 417 sequens
623 365 801 416 septima,
834 368 877 403 ut
907 364 956 403 sit
985 362 1078 402 felix
1107 361 1241 415 fugae,
1272 361 1512 414 navigationi
1532 365 1605 412 ³⁴),
1634 362 1764 414 furtis,
1795 362 1921 403 bellis.
1951 377 1954 380 ⁴
1994 366 2174 405 lusimus
2205 364 2311 406 dicit.

334 445 399 484 Vs.
430 441 522 484 285.
580 440 716 485 Licin,
748 441 957 494 pluraliter,
990 445 1032 481 ut
1060 442 1100 481 in
1129 439 1316 480 bucolicis
1346 439 1447 478 licia
1479 441 1644 483 circum,

333 500 398 539 Vs.
430 497 523 539 287.
583 496 724 536 Multa
755 497 859 535 adeo
891 496 1119 547 etreliqua.
1185 495 1360 548 Diligens
1400 495 1539 536 divisio
1579 501 1820 549 temporum;
1861 497 1987 549 primo
2026 497 2129 537 enim
2169 501 2356 550 quattuor

202 559 330 609 partes
361 555 451 595 anni
481 558 723 605 exsequutus
753 557 833 602 est,
866 551 1006 592 deinde
1036 552 1118 591 dies
1148 551 1321 601 lunares,
1356 551 1472 591 modo
1502 551 1645 602 horas,
1676 553 1715 591 in
1747 564 1843 603 quas
1876 557 1914 592 et
1944 552 2027 593 dies
2058 552 2219 604 noxq'ue
2248 552 2354 593 divi-

202 611 316 649 ditur.
373 613 555 647 luximus
586 609 688 648 dicit.
719 630 774 636 ——
816 605 956 653 Adeo,
985 606 1112 646 valde.
1171 603 1310 643 Nocte
1340 618 1485 646 nomen
1517 611 1576 646 est
1587 620 1598 656 3
1641 607 1824 647 Horatius
1855 608 1956 647 enim
1986 609 2113 648 iunxit
2142 607 2352 661 praeposi-

201 666 369 714 tionem,
411 669 452 705 ut
481 664 533 702 de
562 667 686 702 nocte
718 662 927 709 latronem
967 667 1086 703 noctu
1116 666 1246 702 autem
1277 660 1504 702 adverbium
1535 667 1617 713 est,
1646 668 1689 704 ut
1718 663 1911 704 Salustius
1942 663 2017 702 clia
2045 667 2254 716 noctuque
2282 662 2353 702 la-

204 719 361 758 horare.

347 774 412 814 Vs.
443 773 535 817 288.
594 773 725 818 Eous,
757 774 900 814 oriens.
925 795 978 801 —
1007 770 1145 818 Eous,
1184 771 1296 811 stella
1325 772 1512 822 Veneris;
1543 773 1606 812 alii
1636 772 1820 821 Iunonis,
1850 772 1915 813 alii
1945 772 2074 813 Caelei
2110 776 2150 813 et
2175 771 2356 814 Aurorae

203 829 323 871 filiurn
352 830 523 880 tradunt,
556 831 621 882 qui
653 842 739 869 cum
769 830 923 869 Venere
951 827 1238 880 pulchritudine
1268 827 1480 876 contendit,
1512 827 1583 867 sed
1614 828 1739 880 magis
1769 827 1933 868 Veneris
1964 829 2076 869 stella
2106 832 2179 869 est.

333 884 386 923 Vs
431 883 524 926 291.
588 884 765 930 Quidam
796 896 866 937 pro
896 883 1059 934 aliqui53
1091 883 1247 934 quidam
1279 883 1380 921 enim
1412 894 1581 934 persona
1612 888 1671 923 est
1701 887 1820 922 certa.

335 939 402 979 Vs.
434 939 526 981 292.
587 939 795 990 Itispe'cat,
828 940 943 987 acuit,
975 937 1096 987 findit,
1127 936 1262 977 incidit
1292 937 1340 977 ad
1371 938 1523 989 species
1553 938 1773 978 aristarum.

333 994 401 1035 Vs.
433 993 523 1036 293.
588 994 751 1038 Solam,
782 994 882 1034 bene
911 993 1048 1043 solata,
1079 997 1122 1034 ut
1151 993 1189 1031 in
1220 991 1429 1033 bucolicis:
1463 996 1680 1032 cantantes
1703 991 1803 1031 licet
1831 1004 1960 1045 usque
1980 994 2112 1034 minus
2131 992 2200 1033 vz’a
2219 991 2354 1033 laedit

204 1063 351 1090 eamus.
409 1050 590 1090 luximus
622 1049 723 1090 dicit.

333 1106 400 1145 Vs.
432 1104 524 1146 294.
584 1104 764 1157 Αιῃητο,
795 1103 1008 1144 resonanti.

333 1161 398 1200 Vs.
431 1159 523 1201 295.
583 1159 668 1199 Aac
698 1159 860 1204 dulcis3
901 1159 962 1197 hic
1002 1168 1142 1198 versus
1180 1157 1338 1211 longior
1377 1163 1436 1198 est
1466 1170 1542 1199 una
1574 1158 1749 1211 syllaba,
1791 1156 1861 1198 sed
1891 1157 1978 1199 sine
2005 1157 2112 1199 vitio.
2169 1157 2352 1199 Iummus

203 1215 305 1256 dicit.
335 1238 390 1245 —
429 1215 632 1266 Vulcano,
662 1217 764 1269 igni;
795 1199 993 1265 deco’bue't
1022 1212 1224 1250 humorem
1256 1213 1293 1253 id
1324 1220 1384 1253 est
1415 1226 1528 1254 uvam
1558 1226 1715 1267 passam
1745 1212 1849 1254 facit.

332 1272 398 1311 Vs.
432 1269 525 1311 296.
590 1266 781 1321 Trepidi,
811 1270 1034 1317 exultantis,
1067 1268 1269 1317 ferventis,
1301 1269 1508 1308 bullientis.

332 1327 398 1365 Vs.
431 1324 523 1367 297.
588 1324 722 1368 Ceres,
753 1325 816 1364 hic
845 1325 1109 1375 metonymice
1141 1322 1258 1362 Ceres
1297 1336 1367 1375 pro
1397 1323 1594 1365 frumento
1623 1324 1804 1376 ponitur,
1830 1321 1912 1363 ‘hic
1939 1327 2069 1364 tamen
2098 1324 2352 1378 ingratiorem

203 1393 289 1422 eam
317 1381 468 1431 reddit,
500 1381 604 1433 quod
632 1381 831 1433 subiungit
860 1379 1104 1418 succiditur.
1161 1378 1343 1418 lusimus
1375 1378 1478 1420 dicit.

335 1436 401 1475 VS.
433 1435 524 1477 298.
590 1434 750 1478 Tostas,
783 1439 958 1476 exustas.

335 1492 402 1531 vs.
435 1490 528 1533 299.
588 1490 737 1529 Nudus
770 1504 864 1534 ara,
901 1491 1008 1529 iuxta
1038 1489 1274 1539 Hesiodum,
1317 1489 1415 1530 adeo
1457 1500 1599 1529 sereno
1629 1489 1762 1539 caelo,
1803 1492 1846 1528 ut
1875 1489 2059 1531 amictum
2100 1493 2353 1530 contemnere

201 1547 351 1600 possis3
391 1547 514 1585 hiems
547 1549 621 1596 ³⁵),
662 1547 830 1599 frigitur.
871 1568 924 1573 --
967 1544 1090 1590 Sere,
1135 1545 1389 1598 imperativus
1432 1545 1587 1585 modus.
1655 1543 1814 1597 Iynaca
1844 1544 2021 1597 colono,
2064 1545 2230 1599 ignavos
2257 1543 2353 1585 facit

206 1603 382 1643 colonos.
406 1636 411 1641 .

333 1658 400 1696 Vs.
419 1655 526 1697 Χ300.
586 1655 735 1698 Pario,
766 1661 916 1709 paratu.

333 1712 401 1752 Vs.
432 1710 525 1753 301.
585 1711 736 1750 Mutua
767 1711 968 1754 convicia,
998 1716 1040 1751 ut
1068 1711 1271 1750 Lucretius
1302 1714 1436 1750 mutua
1467 1711 1568 1750 inter
1597 1720 1641 1750 se
1670 1709 1847 1751 mortalia
1876 1710 2024 1751 ineunt.
2053 1731 2108 1739 -

334 1791 400 1829 Vs.
431 1787 524 1831 302.
589 1788 776 1828 Genialis
805 1787 927 1826 hiems
967 1800 1014 1829 eo
1045 1787 1150 1839 quod
1191 1787 1229 1826 in
1258 1787 1385 1827 hieme
1422 1787 1601 1828 homines
1640 1787 1801 1841 ingenio
1841 1799 1914 1829 suo
1952 1791 2137 1837 utuntur3
2173 1786 2350 1841 geniales

203 1845 382 1886 homines
413 1845 657 1897 abantiquis
688 1844 868 1897 appellati
899 1849 1010 1892 sunt,
1051 1842 1154 1894 quod
1186 1842 1232 1882 ad
1264 1843 1504 1883 invitandum
1536 1847 1573 1882 et
1603 1843 1748 1896 largius
1778 1842 1994 1896 parandum
2026 1842 2156 1882 cibum
2184 1847 2223 1883 et
2250 1853 2353 1895 quae

206 1905 504 1952 consequuntur
533 1900 792 1953 promptiores
824 1905 968 1939 essent.
1027 1901 1207 1937 lii-ximus
1239 1897 1342 1938 dicit.
1373 1921 1425 1926 —-
1461 1897 1661 1941 Genialis,
1689 1898 1949 1950 voluptuosa,
1981 1898 2208 1939 convivalis.
2271 1895 2348 1936 Cu-

200 1969 348 2009 rasque
377 1955 564 1999 resolvit,
596 1967 686 1995 nam
715 1954 751 1994 X
778 1953 939 1993 Kalend.
969 1953 1201 1993 Februarias
1223 1955 1279 2002 36)
1310 1952 1468 2006 frugum
1498 1953 1662 1993 lustrum
1690 1953 1850 1994 faciunt.

334 2011 400 2051 Vs.
432 2008 525 2051 303.
584 2009 758 2048 Pressae
787 2014 976 2059 onustae;
1008 2020 1082 2047 ceu
1105 2021 1277 2060 pressae
1306 2014 1345 2049 et
1372 2009 1536 2062 reliqua,
1565 2013 1609 2049 ut
1638 2009 1739 2049 solet
1767 2020 1928 2050 sensum
1957 2007 2210 2051 similitudine
2232 2007 2347 2049 clau-

205 2065 255 2105 sit
275 2066 346 2115 ⁸⁷).
406 2069 588 2105 luximus
617 2065 721 2105 dicit.

336 2121 402 2162 VS.
433 2119 527 2162 304.
590 2119 790 2164 Coronas,
820 2119 949 2160 funes.
1377 2168 1384 2174 .

332 2177 398 2216 Vs.
428 2174 522 2217 305.
587 2175 784 2222 Quernas,
817 2188 867 2215 ex
896 2187 1043 2227 quercu
1072 2174 1226 2224 colore;
1259 2174 1489 2226 stringere,
1521 2173 1716 2216 decutere.
1746 2197 1801 2204 —
1835 2172 2033 2224 Quernas,
2062 2184 2176 2215 mons
2208 2172 2346 2214 Mace-

202 2231 342 2272 doniae
372 2236 410 2272 et
438 2231 696 2272 derivativum
728 2243 748 2270 a
781 2242 951 2282 quercu,
992 2235 1122 2269 tamen
1153 2242 1227 2270 usu
1258 2231 1382 2283 magis
1414 2242 1530 2282 quani
1551 2232 1606 2280 3Β)
1637 2231 1807 2282 ratione,
1838 2235 1882 2270 ut
1911 2230 2116 2271 colornum
2143 2240 2167 2269 a
2197 2228 2346 2282 corylo.
2406 2234 2411 2239 '

338 2310 400 2348 Vs.
431 2307 524 2350 306.
588 2307 847 2360 Cruentaque
877 2312 1010 2358 myrta
1039 2309 1065 2346 i.
1098 2321 1131 2347 e.
1163 2309 1221 2348 'dc
1251 2310 1443 2362 sanguine
1480 2307 1652 2359 AdoniS,
1694 2307 1755 2348 vel
1793 2306 1900 2360 quod
1938 2319 2102 2348 succum
2121 2309 2179 2357 ³⁹)
2209 2305 2347 2348 cruori

203 2365 365 2405 similem
393 2365 574 2415 habeant,
606 2365 667 2403 vel
697 2364 803 2417 quod
831 2363 921 2403 belli
952 2368 1126 2415 tempore
1156 2365 1194 2403 in
1225 2364 1379 2403 hastilia
1399 2365 1454 2411 40)
1485 2362 1590 2402 fiunt.

336 2420 399 2459 Vs.
432 2418 525 2459 307.
584 2417 779 2463 Pedicas,
809 2419 985 2470 laqueos,
1019 2419 1158 2470 quibus
1190 2419 1310 2472 pedes
1340 2418 1624 2470 inlaqueantur.

336 2475 401 2513 Vs.
435 2472 529 2517 308.
586 2472 759 2513 Auritos
790 2485 905 2515 aures
936 2474 1105 2526 grandes
1135 2474 1324 2515 habentes
1335 2487 1346 2523 3
1377 2474 1492 2525 sequi
1521 2473 1568 2513 ab
1599 2472 1724 2525 equis.
1754 2495 1808 2502 ——
1838 2471 2002 2524 Pistre,
2031 2471 2180 2513 venari.

337 2530 401 2568 Ys.
434 2528 525 2570 309.
583 2529 799 2573 Belem—As,
830 2529 1012 2568 Baleares
1041 2529 1193 2569 insulae
1222 2529 1382 2582 Hispani
1411 2530 1552 2579 mariS,
1581 2529 1735 2569 vicinae
1762 2528 1864 2568 inter
1892 2539 1959 2580 se,
1987 2527 2054 2567 ubi
2080 2529 2248 2580 primum
2277 2525 2343 2569 di-

205 2583 304 2623 citur
332 2583 474 2623 fundae
504 2585 677 2626 militaris
708 2595 805 2625 usus
835 2585 1015 2624 inventus
1046 2595 1147 2623 esse.

338 2639 404 2677 Vs.
433 2636 524 2678 310.
587 2637 685 2677 Cum
709 2641 800 2685 nix,
829 2639 1117 2692 κακέμφατον.
1175 2638 1267 2677 Nix
1298 2637 1396 2687 alta,
1425 2638 1515 2678 nive
1544 2642 1698 2678 onusta.

338 2693 403 2732 Vs.
435 2691 527 2734 311.
591 2694 704 2739 Quid
733 2699 995 2745 tempestates
1025 2695 1220 2738 autumni,
1251 2705 1372 2734 verno
1404 2699 1441 2733 et
1470 2694 1682 2734 autumnali
1712 2692 1918 2746 [tempore]
1949 2695 2202 2745 tempestates
2232 2691 2342 2743 fiunt,

206 2749 293 2800 quia
324 2760 397 2788 nec
426 2748 539 2802 plena
559 2751 610 2798 ⁴²)
641 2755 771 2791 aestas
801 2762 875 2790 nec
904 2749 1027 2789 hiems
1037 2762 1049 2799 3
1087 2749 1178 2790 inde
1207 2750 1244 2789 in
1273 2749 1350 2790 hoc
1379 2748 1519 2789 confini
1549 2752 1800 2801 tempestates
1831 2747 2062 2789 efficiuntur.
2092 2773 2143 2779 -—
2176 2746 2344 2796 Sidera,

205 2804 363 2857 frigore.

339 2983 389 3024 3⁴)
415 2982 719 3025 navigatione.
778 2981 829 3022 35)
855 2979 937 3013 Fere
962 2991 1089 3025 semper
1112 2982 1144 3014 in
1172 2981 1264 3015 cod.:
1298 2981 1466 3025 hiemps
1499 2981 1658 3015 scribitur.
1715 2981 1767 3024 36)
1790 2981 1832 3015 Χ.
1855 2980 1894 3014 Κ.
1917 2979 2041 3016 Febr.
2096 2979 2150 3024 37)
2185 2978 2338 3016 clusit.

207 3027 260 3069 33)
286 3037 405 3060 usum
432 3033 526 3071 qua.
573 3027 626 3070 39)
653 3037 815 3060 sucum.
864 3027 915 3068 40)
941 3027 1163 3061 inastilia.
1210 3028 1262 3070 41)
1286 3027 1494 3072 Tempore
1518 3027 1610 3062 deest
1633 3028 1666 3061 in
1689 3027 1764 3061 cod.
1809 3028 1860 3071 4²)
1885 3027 2026 3072 plana.
