2430 3177
1254 112 1282 158 6

190 247 432 301 Cupidinem,
464 254 579 296 quem
606 246 644 282 et
669 241 856 281 Amorem
885 243 1042 280 vocant.
1112 236 1204 277 Nec
1230 240 1394 291 yenerz‘s
1424 240 1560 278 nostri
1591 251 1787 291 puerum,
1823 239 1863 280 id
1893 245 1974 291 est,
2013 252 2093 282 non
2129 237 2183 282 de
2209 242 2337 292 nobiS‚

189 304 261 345 sed
290 303 339 343 de
369 301 476 341 duris
506 299 625 339 rebus
657 303 695 337 et
725 308 826 348 quae
855 307 934 335 non
963 294 1191 334 molliuntur
1220 300 1435 348 generatur
1464 307 1586 335 amor.
1646 293 1808 345 Edunt,
1840 301 2042 348 generant.
2114 303 2117 306 '

321 357 388 396 Vs.
419 354 484 394 47.
547 352 701 391 Saevus
732 349 1023 389 a1120r²cloeuit
1061 354 1252 388 natorum
1281 350 1483 402 sanyuiue
1523 354 1701 390 matrem.
1767 350 1982 401 Incertum,
2020 363 2138 403 quam
2176 355 2339 392 matrem
2407 354 2410 356 ’

190 415 296 462 dicit,
328 412 459 464 plures
481 409 581 449 enim
611 408 688 448 hoc
707 406 903 447 vocabulo
926 408 981 453 78)
1014 404 1157 458 dignae
1187 411 1299 454 sunt3
1329 418 1421 444 nam
1451 409 1489 445 et
1507 406 1675 455 Procne,
1707 405 1819 446 Terei
1850 418 1965 456 uxor,
1997 406 2045 446 ab
2075 417 2210 446 amore
2228 406 2342 446 Terei

190 469 310 509 filium
341 477 455 505 suum
484 463 690 512 interfecit,
724 466 762 501 et
781 461 918 501 Medea
948 472 1043 500 suos
1073 459 1172 500 filios
1204 465 1364 513 propter
1383 460 1562 501 Iasonem
1583 459 1797 510 interfecit3
1828 461 1899 501 sed
1917 461 2041 515 magis
2072 460 2175 502 hanc
2193 460 2343 502 dixisse

189 520 481 574 accipiendum,
521 531 622 570 quae
663 518 806 558 damno
847 516 1065 556 communis
1104 516 1253 556 sobolis
1293 517 1474 557 maritum
1508 515 1690 557 Iasonem
1728 516 1869 557 affecit.
1938 519 2122 557 Iummus
2151 516 2256 558 dicit.
2286 537 2342 544 —

190 577 386 623 Matrem,
416 575 592 614 Procnen
613 577 667 622 ⁷⁹)
699 573 762 613 vel
789 571 979 613 Medeam.

321 631 388 670 Vs.
419 629 485 670 49.
550 627 741 667 Crudelis
772 632 812 667 et
839 627 1010 678 reliqua,
1051 626 1349 679 interrogative.
1409 624 1573 677 Mater,
1610 626 1782 677 Medea,
1802 625 1950 667 Aeetae
1978 625 2074 676 fllia,
2105 626 2212 679 regis
2242 624 2340 667 Col-

192 688 369 728 chorum.
430 683 555 729 Pner‚
587 696 708 724 amor.
770 681 988 733 Inprobus,
1020 682 1293 733 inoportunus.
1326 705 1378 709 —
1413 680 1605 720 Crudelis
1636 686 1779 726 mater,
1809 681 1958 730 Medea,
1992 680 2139 722 Aeetae
2167 680 2258 721 filia.
2288 704 2345 711 —-

189 742 282 786 Ille,
313 741 442 790 Iason,
473 741 538 791 qui
568 744 734 779 mortem
764 737 931 778 filiorum
961 738 1137 789 petierat.
1197 736 1347 777 Sensus
1378 741 1458 777 est:
1488 738 1545 776 sic
1576 749 1639 777 me
1668 749 1780 777 amor
1809 737 1926 777 docet
1955 738 2086 788 inepta
2114 736 2259 776 facere.
2290 758 2343 764 --

190 796 269 836 Ille
296 808 423 847 puer,
463 794 502 834 id
533 799 593 833 est
622 793 760 842 Iason,
803 793 914 833 cuius
944 793 1010 831 illa
1039 804 1174 832 amore
1203 792 1407 844 compulsa
1438 796 1498 831 est
1533 790 1634 831 filios
1665 791 1908 843 interficere,
1938 791 2002 833 vel
2028 803 2127 844 puer
2154 790 2344 844 inprobus

188 853 324 902 Amor,
357 850 423 901 qui
453 849 530 889 tale
558 849 709 888 facinus
738 847 950 887 advexerit.
982 868 1034 875 —

322 906 389 945 Vs.
420 902 486 944 50.
551 902 743 941 Crudelis
776 907 820 940 tu
851 913 1013 954 quoque
1042 905 1192 951 mater,
1221 901 1351 940 omnia
1380 900 1480 941 haec
1510 901 1559 942 ad
1590 913 1764 941 amorem
1792 901 2017 942 referuntur
2047 899 2261 942 crudelem.

321 960 367 1000 V.
398 958 464 999 52.
523 956 648 996 Nunc
675 963 714 996 et
746 959 833 996 ovis
864 961 902 997 et
931 957 1094 1008 reliqua.
1154 955 1368 997 Contrariis
1398 957 1537 996 miscet
1566 956 1754 1005 adversa,
1797 957 1939 1009 quibus
1969 957 2144 1008 iniquam
2171 956 2344 997 coniun-

173 1017 359 1059 ctionem
387 1015 504 1055 Nisae
547 1013 729 1053 ostendat
769 1013 961 1064 et'Mopsi
1001 1017 1040 1051 et
1079 1023 1123 1051 se
1159 1010 1387 1063 despectum
1409 1015 1464 1060 ⁸⁰)
1508 1024 1598 1052 esse
1637 1012 1915 1052 convenienter
1951 1012 2103 1064 probat.
2160 1013 2344 1051 ΙηΝιιιῦε

191 1071 293 1112 dicit.
325 1093 380 1099 —
409 1069 590 1120 Fumat,
634 1069 862 1120 imperative
883 1071 960 1117 ²⁵¹),
1001 1066 1065 1107 vel
1093 1067 1385 1119 interrogative.
1442 1065 1569 1105 Nunc
1598 1072 1638 1106 et
1668 1067 1768 1105 ovis.
1826 1066 1962 1119 Nunc,
1991 1067 2118 1119 inquit
2137 1069 2217 1116 ⁸²),
2262 1065 2344 1116 fiat,

194 1125 381 1179 quicquid
411 1129 547 1165 contra
577 1136 710 1163 rerum
741 1128 801 1163 est
829 1127 1021 1162 naturam.
1080 1122 1228 1163 Sensus
1257 1127 1316 1162 est
1346 1122 1542 1174 quicquid.
1564 1153 1572 1162 .
1596 1153 1605 1162 .
1629 1153 1637 1162 .
1659 1124 1730 1171 ⁸³).

324 1181 389 1220 Vs.
422 1176 487 1219 53.
548 1178 681 1218 Mala.
739 1178 796 1217 Fit
832 1179 976 1217 melum
1015 1182 1053 1216 et
1092 1177 1258 1227 malum,
1289 1183 1333 1217 ut
1361 1176 1505 1215 melum
1546 1176 1691 1215 crebra
1719 1177 1943 1229 decerpere
1972 1188 2105 1217 manu.
2143 1198 2198 1205 —-
2234 1173 2345 1214 Nar-

192 1237 316 1287 cisso,
347 1246 474 1288 genus
505 1234 626 1273 floris.
686 1232 876 1284 Floreat,
905 1233 1145 1284 imperative.
1176 1251 1228 1260 -

325 1291 390 1329 Vs.
421 1287 486 1328 54.
549 1287 733 1332 Sedent,
764 1288 1005 1339 imperative.
1063 1285 1262 1330 Electra,
1292 1285 1509 1327 succinum.
1569 1285 1786 1338 Myr-icae,
1816 1296 1944 1339 genus
1974 1285 2126 1326 arboris
2156 1284 2345 1326 medicae.

192 1368 247 1375 —
276 1343 466 1394 Electra,
497 1356 677 1397 gemmae
708 1343 894 1383 succinae
915 1345 995 1394 8⁴),
1027 1342 1133 1394 quod
1162 1352 1290 1395 genus
1319 1342 1406 1382 vitis
1438 1346 1517 1393 est,
1549 1343 1612 1382 cui
1639 1343 1699 1382 vis
1729 1345 1767 1381 et
1787 1343 1838 1390 ⁸⁵)
1868 1347 2013 1381 'nomen
2044 1340 2180 1383 talenti
2208 1343 2270 1381 est
2298 1339 2348 1381 de

194 1413 290 1442 auro
320 1405 359 1440 et
387 1404 552 1452 argento
584 1398 752 1438 conflati.

327 1456 394 1495 Vs.
425 1454 489 1494 55.
554 1452 736 1497 Certent,
767 1453 1007 1505 imperative.
1072 1450 1229 1496 Cicnis,
1262 1452 1396 1491 cicnus
1429 1466 1451 1493 a
1483 1451 1673 1493 canendo.
1703 1474 1759 1481 —
1795 1450 1960 1495 mulae,
1993 1462 2086 1493 aves
2119 1450 2169 1492 de
2195 1449 2348 1491 ululatu

195 1511 341 1560 dictae,
380 1510 491 1550 cuius
521 1509 791 1549 diminutivum
831 1513 891 1548 est
919 1507 1132 1552 allucens,
1172 1509 1273 1547 sieut
1301 1507 1385 1547 Itali
1414 1507 1568 1555 dicunt,
1609 1520 1727 1559 quam
1756 1519 1868 1548 avem
1900 1506 1998 1547 Galli
2029 1518 2158 1545 cavan
2185 1517 2347 1547 nuncu-

195 1571 289 1619 pant
308 1566 380 1616 δὃ).
436 1564 547 1604 Ulula
577 1569 705 1604 autem
738 1564 930 1621 dictanest
959 1576 982 1603 a
1012 1575 1112 1603 sono
1142 1564 1324 1615 propriae
1353 1564 1475 1603 vocis,
1537 1562 1607 1603 Sit
1643 1561 1810 1613 Tityrus
1847 1560 2049 1613 Orpheus.
2090 1561 2193 1601 Talis
2216 1563 2346 1612 poeta,

196 1621 322 1673 qualis
353 1619 548 1672 Orpheus,
579 1620 629 1659 sit
657 1619 827 1670 Tityrus,
890 1617 959 1657 Sit
995 1616 1162 1670 Tityrus
1199 1617 1388 1669 Orpheus
1419 1618 1464 1655 in
1494 1617 1623 1661 silvis,
1657 1618 1721 1658 hic
1750 1617 2000 1669 anadiplosis.
2074 1616 2143 1655 Sit
2179 1613 2348 1668 Tityrus

203 1675 405 1727 Orpheus.
465 1673 620 1725 Tityrus
650 1674 759 1713 velut
787 1672 967 1724 Orpheus
996 1674 1142 1724 polleat
1171 1674 1210 1711 in
1240 1675 1426 1721 carmine,
1459 1672 1640 1724 Orpheus
1670 1673 1773 1712 enim
1802 1672 1942 1713 dicitur
1970 1671 2118 1713 cithara
2147 1671 2268 1712 silvas
2309 1676 2349 1722 et

201 1743 298 1772 saxa
328 1740 514 1770 movisse.

332 1786 399 1825 VS.
431 1783 496 1824 56.
561 1781 752 1834 Orpheus
783 1783 827 1820 in
856 1781 996 1830 silvis,
1028 1781 1142 1833 quasi
1169 1781 1270 1822 inter
1299 1785 1478 1834 pastores
1500 1781 1571 1831 ⁸¹¹).
1625 1779 1740 1819 Inter
1769 1780 1993 1832 delphinas
2026 1779 2166 1821 Arion.
2224 1780 2350 1822 Arion

199 1845 316 1895 poeta
346 1850 522 1880 summus
554 1843 591 1878 et
620 1837 869 1878 citharoedus
901 1838 1201 1889 Methymnaeus
1232 1838 1389 1877 natione
1427 1837 1474 1877 ab
1505 1848 1634 1889 agone
1662 1836 1852 1877 recedens
1892 1837 1931 1876 in
1960 1838 2106 1889 piratas
2127 1839 2184 1885 ⁸⁸)
2214 1835 2349 1877 incidit

201 1901 241 1936 et
268 1895 494 1948 inpetravit,
537 1898 580 1933 ut
609 1893 683 1933 sibi
712 1892 852 1932 eodem
882 1893 1040 1943 habitu,
1081 1904 1160 1944 quo
1191 1894 1231 1933 in
1260 1904 1380 1932 scena
1407 1892 1571 1932 introire
1600 1890 1808 1931 adsuesset
1827 1894 1909 1942 ⁸⁹),
1951 1904 2094 1932 canere
2121 1892 2278 1942 liceret,
2309 1895 2350 1930 et

201 1955 319 1991 cantu
348 1963 437 1990 cum
465 1948 668 2001 delphinas
698 1947 946 1997 adlicuisset,
977 1948 1017 1987 in
1048 1960 1154 1987 mare
1183 1959 1228 1987 se
1255 1947 1522 2001 praecipitavit
1550 1951 1816 1999 exceptusque
1845 1948 1892 1987 ab
1924 1948 1980 1988 eis
2009 1948 2049 1987 in
2077 1951 2223 1987 terram
2251 1958 2348 1998 per-

202 2006 303 2047 latus
332 2010 414 2053 est;
444 2006 501 2044 sic
531 2008 569 2043 et
596 2004 777 2043 Phineus.
817 2006 997 2042 luximus
1029 2002 1134 2044 dicit.
1162 2025 1218 2032 ——
1250 2002 1364 2041 Inter
1393 2001 1615 2053 delphinas
1635 2002 1781 2046 Arion,
1812 2001 1919 2054 quod
1948 2006 2080 2043 tameu
2106 2002 2255 2042 factum
2274 2004 2348 2051 est,

203 2060 273 2101 sed
303 2073 388 2114 pro*
407 2059 608 2099 miraculo.
663 2058 820 2110 Tityrus
850 2059 957 2099 velut
984 2057 1109 2099 Arion
1136 2058 1281 2112 polleat
1307 2058 1348 2098 in
1378 2058 1549 2098 carmine
1559 2069 1570 2106 ;
1609 2057 1750 2098 dicitur
1777 2059 1881 2098 enim
1910 2057 2035 2098 Arion
2063 2061 2181 2098 cantu
2199 2058 2252 2107 ⁹⁰)
2284 2057 2348 2096 ci-

204 2116 340 2157 tharae
369 2115 570 2166 delphinas
600 2113 830 2153 advocasse.

336 2170 403 2210 Vs.
435 2167 500 2210 58.
563 2167 711 2207 Omnia
741 2167 804 2206 vel
832 2169 1006 2207 medium
1032 2169 1110 2220 fiat
1139 2180 1261 2209 mare.
1321 2167 1430 2207 Prius
1461 2167 1648 2208 diluvium
1677 2171 1806 2219 optat,
1847 2166 1989 2208 deinde
2016 2166 2081 2208 vel
2099 2165 2349 2208 medietatem

207 2225 338 2266 mundi
365 2225 507 2277 perire,
537 2229 575 2264 et
606 2225 748 2273 omnia,
779 2224 903 2275 inquit
924 2226 990 2273 ⁹¹),
1022 2223 1332 2272 confundantur3
1362 2222 1486 2262 satius
1516 2223 1619 2262 enim
1648 2222 1741 2263 mihi
1771 2223 1882 2273 mori,
1915 2235 2030 2274 quam
2060 2222 2159 2264 haec
2185 2221 2348 2274 perpeti.

211 2303 261 2309 --
295 2279 445 2318 Omnia
473 2281 588 2320 etiam
617 2278 868 2331 profundum.
942 2277 1091 2316 Omnia
1121 2278 1185 2317 vel
1212 2279 1389 2318 medium
1415 2278 1493 2329 fiat
1521 2289 1642 2315 mare.
1700 2277 1808 2317 Prius
1847 2279 1995 2330 optavit
2023 2277 2177 2325 omnia,
2208 2275 2350 2317 deinde

207 2336 268 2375 vel
297 2335 544 2376 medietatem
572 2336 711 2386 perire.
771 2334 871 2376 Sunt
899 2336 1002 2374 enim
1031 2334 1258 2374 insanientis
1288 2333 1409 2375 verba
1446 2345 1541 2386 prae
1569 2344 1705 2374 amore
1733 2333 1796 2373 vel
1820 2332 2070 2387 indignantis.
2122 2331 2272 2383 Vivite,
2309 2329 2350 2373 id

210 2395 269 2430 est
297 2390 436 2430 valete.
466 2413 516 2419 -
1056 2423 1064 2426 .
1744 2387 1754 2390 “

340 2445 407 2484 Vs.
438 2442 504 2484 59.
561 2442 773 2495 Praeceps
804 2445 928 2488 aerii,
961 2444 999 2484 id
1029 2449 1089 2485 est
1118 2444 1168 2484 de
1197 2444 1357 2496 specula
1386 2443 1454 2483 alti
1482 2444 1626 2484 montis
1657 2454 1846 2497 praeceps
1874 2444 1915 2484 in
1942 2442 2069 2484 undas
2099 2440 2268 2485 deferar.
2296 2463 2350 2470 —-

213 2496 344 2542 Aere-iz,
373 2500 534 2540 excelsi.
596 2498 780 2549 Speculo
809 2499 861 2538 de
889 2500 1050 2541 montis.
1082 2499 1130 2540 de
1159 2499 1322 2552 scopulo
1353 2499 1549 2539 eminenti.
1578 2521 1632 2527 —

341 2553 408 2593 Vs.
439 2551 505 2595 60.
561 2551 755 2606 Deferar,
787 2556 958 2607 optativo
987 2554 1121 2595 modo.
1178 2552 1360 2608 Deseror
1387 2552 1438 2594 ad
1457 2558 1633 2594 mortem.
1691 2551 1932 2592 Extremum
1951 2551 2032 2592 Ιιοο
2050 2565 2206 2596 munus,
2235 2563 2349 2594 mor·-

215 2613 290 2648 tem
319 2620 472 2658 meam,
512 2613 554 2648 ut
582 2622 631 2647 ne
660 2611 858 2648 moritura
887 2614 998 2648 tenet
1028 2609 1188 2649 crudeli
1215 2613 1362 2663 funere
1392 2607 1537 2652 Dido,
1568 2606 1607 2649 id
1636 2613 1718 2649 est:
1747 2609 1781 2648 si
1809 2610 1869 2650 vis
1899 2609 2012 2650 mori.
2042 2631 2096 2638 —
2125 2606 2351 2647 Morientis

215 2661 379 2706 habeto,
410 2675 511 2702 uxor
542 2664 645 2711 Nisa,
676 2666 740 2704 vel
769 2665 937 2706 Mantua.

345 2718 410 2757 Vs.
441 2715 506 2758 61.
566 2716 719 2757 Desine
748 2721 771 2759 i.
794 2732 828 2759 e.
856 2719 897 2760 fit
925 2719 1011 2760 finis
1041 2720 1223 2760 carminis
1253 2725 1292 2761 et
1319 2720 1444 2770 vitae,
1475 2718 1538 2760 vel
1568 2718 1750 2759 carminis
1779 2717 1843 2760 fac
1870 2717 2008 2768 finem,
2038 2718 2141 2759 sicut
2169 2721 2209 2758 et
2235 2717 2349 2758 vitae.

217 2795 268 2802 -
299 2770 465 2812 Desine.
522 2772 619 2813 Petit
647 2785 669 2813 a
697 2772 834 2825 Musis,
865 2779 908 2815 ut
936 2774 1161 2817 desinerent
1182 2778 1254 2827 ⁹²),
1284 2776 1375 2828 quia
1403 2774 1598 2829 postulata
1625 2785 1706 2814 non
1732 2774 2074 2828 procedebant.—

349 2929 400 2969 78)
426 2926 526 2961 Cod.:
559 2928 782 2962 iucabulo.
829 2930 880 2971 ’19)
905 2929 1006 2964 Cod.:
1040 2941 1261 2976 prognem.
1309 2932 1362 2974 80)
1387 2930 1490 2965 Cod.:
1525 2930 1783 2974 dispectum.
1839 2930 1890 2972 81)
1915 2929 2023 2972 Cod.:
2055 2930 2350 2973 inperativae.

217 2973 268 3012 82)
294 2972 396 3006 Cod.:
421 2973 584 3017 inquid.
631 2974 682 3016 83)
709 2973 867 3008 Nonnulla
892 2975 925 3009 h.
952 2976 975 3008 l.
999 2976 1129 3011 desunt.
1174 2977 1226 3019 84)
1253 2977 1356 3012 Cod.:
1381 2978 1544 3012 sucine.
1577 2977 1629 3018 85)
1655 2976 1756 3012 Cod.:
1783 2987 1904 3021 quam
1925 2978 2005 3011 ius.
2036 2975 2086 3017 86)
2111 2975 2216 3011 Cod.:
2239 2973 2351 3011 mnan

219 3023 274 3051 nn.
317 3020 370 3059 81)
396 3017 495 3052 Cod.:
522 3021 645 3062 quasi
671 3026 904 3064 pastorem.
935 3022 988 3064 88)
1013 3021 1117 3057 Cod.:
1142 3029 1309 3067 pyrata.
1340 3024 1392 3066 89)
1421 3023 1525 3059 Cod.:
1553 3022 1792 3058 adsuisset.
1824 3023 1875 3064 90)
1902 3021 2006 3057 Cod.:
2031 3027 2146 3057 antu.
2180 3021 2230 3064 21)
2247 3020 2349 3057 Cod.:

218 3063 384 3106 inquid.
430 3065 480 3106 92)
507 3063 608 3098 Cod.:
633 3066 881 3101 desineret.
