2430 3177
1211 61 1273 108 12

306 195 373 237 Vs.
403 193 498 237 402.
561 193 669 238 Sub,
701 199 801 236 ante.
834 215 887 221 ——
922 190 1134 239 calathis,
1173 194 1278 235 vasis
1310 192 1449 234 aereis.
1509 190 1617 232 Adit
1646 191 1813 244 oppida
1840 196 2007 244 pastor,
2045 199 2204 246 portans
2233 205 2311 236 ca..

174 264 285 292 seum
315 251 449 292 viride.

303 307 370 346 Vs.
400 303 494 346 403.
553 303 714 349 Parve,
756 302 820 343 alii
849 314 992 355 parco,
1034 302 1072 344 id
1103 307 1165 344 est
1203 303 1357 345 modico
1399 302 1460 343 vel
1497 308 1723 354 servatore,
1761 313 1852 342 nam
1890 301 2010 342 homo
2038 301 2144 357 frugi
2171 315 2313 357 parcus

173 361 388 411 dicitur.⁵⁸]
1671 396 1673 398 .

306 417 372 456 Vs.
402 413 495 455 404.
553 411 645 451 Nec
675 411 755 451 tibi
784 425 883 451 cura
915 424 1088 460 canum,
1117 425 1189 467 pro
1219 425 1362 468 magna
1391 414 1441 453 sit
1470 413 1536 453 tibi
1568 424 1662 452 cura
1693 423 1847 452 canum.

305 471 372 510 Vs.
401 467 496 510 405.
558 467 762 519 Spartae,
795 468 1007 518 venaticae,
1040 468 1177 520 Sparta
1208 469 1343 510 civitas
1373 468 1566 509 Laconiae
1596 473 1667 508 est.
1697 489 1751 496 —-·
1783 465 2088 516 Molossum³⁹),
2117 466 2315 508 Molossus

175 531 235 567 est
265 526 372 566 canis
401 525 573 565 rusticus
584 537 595 572 3
633 523 831 563 Molossus
859 535 949 575 pars
979 524 1085 577 Epiri
1115 524 1305 576 appellata
1336 536 1358 564 a
1387 524 1563 564 Molosso
1590 522 1721 563 Persei
1751 520 1850 573 filio,
1891 522 1959 563 ubi
1987 523 2121 576 optimi
2150 524 2316 563 venatici

176 592 292 622 canes
323 585 434 629 sunt3
464 580 503 620 in
532 579 606 618 illis
636 578 822 618 velocitas
851 578 1055 628 laudatur,
1086 579 1125 618 in
1154 579 1213 619 his
1244 578 1447 619 fortitudo.

306 635 372 674 Vs.
401 632 495 675 406.
558 633 682 677 Sero,
714 645 845 673 serum
876 645 976 685 aqua
1007 634 1141 683 lactis3
1169 634 1345 686 piasset,
1378 632 1484 685 quod
1514 633 1679 685 pingues
1709 631 1815 671 facit.
2255 669 2264 677 ,

306 691 372 729 Vs,
408 687 501 730 407.
567 687 827 737 Nocturnum
862 689 1018 739 furem,
1060 694 1280 742 captantem
1318 688 1445 728 noctis
1485 689 1815 740 opportunitatem
1825 698 1837 736 ;
1876 685 1940 727 fur
1976 689 2106 728 autem
2135 694 2168 726 'a
2203 686 2317 727 furvo

174 745 324 794 dictus,
355 744 392 784 id
425 749 485 784 est
515 745 649 797 nigro,
681 755 770 782 nam
801 744 927 783 noctis
957 744 1077 784 utitur
1105 749 1293 796 tempore.

307 800 375 839 Vs.
406 798 500 840 408.
560 797 786 848 lnpacatos
818 797 1020 846 Hiberos,
1052 798 1257 839 abactores
1287 797 1400 838 fuere
1429 796 1531 837 enim
1562 795 1736 849 Hispani.
1767 817 1820 824 -—-
1848 792 1885 832 A
1915 799 2052 847 teryo,
2080 794 2121 835 id
2151 801 2212 836 est
2230 795 2318 837 loci.

176 853 378 899 Hiberos,
417 854 585 894 Hiberus
623 854 747 892 amnis
784 854 823 892 in
856 854 1062 905 Hispania,
1100 866 1123 893 a
1161 846 1238 905 quo
1280 864 1378 906 gens
1409 852 1574 901 Hibera3
1616 850 1700 891 vult
1730 854 1860 891 autem
1890 849 2102 891 ostendere
2129 849 2319 891 barbaros

175 910 349 964 regionis
378 909 494 949 huius
526 908 712 948 adsuetos
743 907 936 959 praedari.
994 909 1175 946 lemnius
1205 907 1310 947 dicit.

305 963 372 1003 VS.
403 960 498 1003 409.
564 962 776 1012 Onayros,
807 966 985 1016 agrestes
1016 962 1163 1003 asinos,

307 1017 373 1058 Vs.
403 1015 496 1058 410.
557 1015 734 1060 Damas,
765 1017 866 1057 sicut
896 1028 1037 1067 caprae
1067 1016 1138 1057 sed
1168 1016 1384 1057 humilioris
1413 1020 1601 1057 staturae.

306 1073 373 1113 Vs.
405 1070 498 1112 412.
556 1070 789 1123 Ayensm),
821 1069 1034 1125 indagauS,
1065 1073 1323 1124 persequens.

306 1128 374 1167 Vs.
404 1125 497 1168 413.
554 1125 741 1176 Premes,
774 1127 929 1179 proprie
959 1125 1076 1177 dixit,
1107 1132 1149 1167 ut
1178 1127 1230 1166 ibi
1259 1126 1488 1178 spumantis
1521 1125 1616 1177 apri
1652 1137 1809 1164 cursum
1852 1122 2030 1163 clamore
2055 1127 2317 1174 prementem.

309 1182 377 1222 VS.
405 1181 498 1222 414.
562 1180 794 1220 Ocloratam
825 1180 1009 1225 cedrum,
1040 1181 1165 1222 odore
1195 1181 1363 1233 plenam.
2261 1183 2264 1186 '

310 1237 377 1277 Vs.
407 1236 500 1278 415.
563 1235 740 1288 Graves,
769 1237 1036 1290 perniciosas3
1069 1235 1308 1288 chelydros,
1337 1239 1554 1287 serpentes.

311 1293 377 1332 Vs.
406 1290 501 1334 418.
558 1288 645 1330 Aut
675 1296 787 1330 tecto
819 1295 1001 1330 assuetus
1042 1290 1234 1336 coluber,
1271 1289 1446 1344 gaudent
1483 1289 1596 1331 tectis
1626 1292 1853 1341 serpenteS,
1893 1299 1995 1341 quos
2024 1285 2148 1329 Latini
2175 1289 2321 1340 qantos

179 1352 332 1389 vocant.
631 1379 633 1381 .

310 1403 377 1442 Vs.
407 1399 502 1441 419.
561 1397 850 1452 Aclsyvei‘gyere,
881 1401 1040 1441 iactare.

312 1458 380 1497 Vs.
411 1454 505 1496 420.
567 1454 711 1500 Facit,
745 1456 1011 1508 amplectitur,
1042 1455 1081 1494 in
1110 1467 1185 1506 qua
1214 1459 1344 1507 potest
1373 1454 1506 1494 latere.

312 1513 376 1552 Vs.
406 1510 500 1551 422.
559 1508 716 1557 Deice,
745 1510 894 1551 occide.
927 1508 1218 1547 ——Timidum
1248 1514 1399 1561 caput,
1432 1511 1494 1550 cui
1525 1510 1648 1550 timet.

310 1568 377 1606 Vs.
404 1563 497 1606 423,
555 1563 756 1615 Αφηῖηα,
788 1565 1004 1614 volumina,
1035 1568 1180 1604 motus.
1568 1605 1575 1609 ,

308 1623 381 1661 Vs.
411 1619 505 1660 425.
570 1617 759 1657 Calabris
798 1620 839 1657 in
879 1618 1054 1657 saltibus
1064 1632 1076 1664 ;
1118 1618 1295 1659 Calabria
1324 1631 1347 1658 a
1377 1618 1575 1660 Salentino
1607 1617 1876 1670 promontorio
1905 1616 2037 1658 ltaliae
2065 1617 2220 1670 incipit,
2258 1616 2324 1657 Iu-

183 1689 322 1717 mmu-
352 1676 457 1716 dicit.
491 1697 541 1702 -—
577 1672 766 1712 Calabris
796 1674 839 1711 in
869 1673 1054 1713 saltibus.
1116 1673 1292 1714 Calabria
1321 1674 1360 1713 in
1390 1673 1555 1726 Apulia,
1587 1678 1625 1713 et
1652 1672 1741 1713 ideo
1772 1672 1934 1724 Apulia,
1967 1673 2054 1723 quia
2087 1671 2197 1713 effert
2217 1671 2322 1714 odo-

183 1745 266 1774 rem
300 1730 516 1784 sepentium
546 1733 683 1777 ventus
715 1733 753 1768 et
779 1728 957 1769 homines
988 1727 1218 1769 morbificat.

318 1787 384 1825 Vs.
413 1783 507 1825 427.
566 1782 830 1827 Maculosus,
861 1784 1048 1834 squamis.

316 1841 382 1883 Vs.
412 1838 507 1880 427.
567 1837 830 1890 Rumpuntur
856 1837 1069 1890 fontibus,
1111 1841 1254 1878 exeunt
1284 1835 1333 1876 de
1369 1835 1543 1877 fontibus
1572 1836 1634 1877 vel
1662 1836 1765 1890 pleni
1794 1840 1907 1884 sunt,
1947 1840 1989 1877 ut
2017 1835 2093 1886 ibi,
2129 1841 2325 1892 rumpunt

187 1896 335 1935 horrea
364 1906 519 1933 messes.

320 1950 383 1991 VS-
414 1948 506 1990 429.
566 1946 763 1996 Madent,
792 1951 939 1988 rorant.

318 2006 386 2045 Vs.
415 2002 509 2045 431.
568 2000 794 2054 Inprobus,
822 2001 1073 2046 insatiabilis,
1104 2012 1220 2053 quem
1249 2011 1366 2041 nemo
1396 2004 1526 2054 potest
1552 2000 1775 2054 prohibere.
1814 2023 1866 2030 —-
1904 1998 2195 2052 Loquacibus‚
2234 1999 2324 2052 quia

190 2074 239 2102 ex
267 2060 489 2102 hominibus
517 2058 647 2098 factae
681 2061 793 2106 sunt,
833 2061 875 2097 ut
911 2056 1088 2095 Ovidius
1118 2056 1221 2097 dicit.
1262 2077 1316 2084 -—
1354 2054 1605 2107 hyemem,
1648 2056 1781 2109 gulam
1793 2068 1805 2105 ;
1841 2055 2036 2109 ingluvies
2067 2059 2127 2094 est
2157 2055 2325 2107 spatium

191 2117 319 2169 gulae,
348 2114 451 2155 unde
479 2118 518 2153 et
536 2113 687 2166 glutum
719 2116 757 2151 et
787 2112 935 2165 glutine
965 2111 1142 2161 dicimus,
1172 2123 1242 2163 per
1268 2110 1482 2164 ingluviem
1513 2111 1658 2163 aliquid
1687 2111 1902 2160 dimittere,
1931 2122 2021 2150 nam
2046 2108 2089 2150 et
2112 2110 2326 2164 glutinatus

192 2172 303 2224 quasi
334 2170 450 2223 gulae
480 2170 592 2208 ictus.
652 2165 840 2218 Explet,
869 2166 968 2207 haec
998 2167 1101 2206 enim
1131 2166 1242 2217 facit,
1275 2165 1457 2217 quoniam
1487 2166 1589 2218 pleni
1619 2171 1710 2206 sunt
1738 2165 1880 2207 fontes.

324 2225 390 2264 Vs.
420 2222 514 2264 432.
572 2221 758 2265 Exusta,
790 2222 947 2261 siccata.

326 2280 393 2318 Vs.
423 2276 517 2318 434.
576 2276 792 2328 Asperque
821 2276 919 2322 sin,-
951 2275 1065 2327 quod
1092 2287 1223 2327 yenus
1254 2275 1329 2314 siti
1357 2275 1487 2326 mayz's
1520 2287 1638 2327 quam
1682 2274 1767 2313 alia
1803 2286 1846 2313 re
1877 2274 2143 2318 accenditur,
2183 2279 2225 2315 ut
2251 2277 2326 2313 SA-

196 2347 360 2374 nc-srms
392 2333 493 2374 dicit.
525 2355 578 2361 -—
608 2331 873 2374 Exterritus,
904 2330 1176 2371 exacerbatus.

327 2390 393 2428 Vs.
423 2386 517 2429 435.
545 2434 548 2441 ¹
576 2385 641 2425 Ne
670 2386 785 2429 milri,
817 2385 936 2425 moris
966 2386 1002 2425 ei
1032 2386 1071 2425 in
1098 2384 1279 2437 periculis
1309 2396 1422 2425 suam
1450 2396 1657 2437 personam
1687 2384 1947 2436 interponere.

327 2444 392 2483 Vs.
423 2440 515 2483 438.
580 2440 776 2491 Catulos,
807 2441 936 2493 quim)
970 2440 1125 2492 proprie
1154 2451 1295 2480 canum
1324 2443 1436 2489 sunt,
1466 2439 1529 2479 hic
1558 2439 1720 2479 abusive
1749 2438 1851 2479 dicit.

328 2499 394 2538 Vs,
423 2494 517 2538 439.
581 2495 794 2539 Τνῖειιῖεὶε,
825 2505 988 2547 serpens
1019 2494 1206 2546 triplicem
1236 2495 1407 2547 linguam
1435 2494 1583 2540 habere
1610 2493 1765 2542 dicitur,
1792 2493 1862 2534 sed
1881 2507 1902 2534 a
1924 2493 2140 2534 vibratione
2158 2489 2341 2547 linguae,

200 2554 272 2593 nisi
303 2553 436 2601 fallor3
466 2553 523 2591 sic
553 2557 590 2592 et
621 2551 815 2591 Cerberus
843 2550 997 2591 trifauci
1026 2548 1167 2591 dicitur
1194 2561 1274 2590 ore.

332 2607 395 2646 Vs.
426 2604 517 2646 440.
577 2604 818 2644 Morborum
856 2610 895 2645 et
933 2605 1042 2656 reliq.
1082 2608 1267 2656 quattuor
1296 2603 1388 2644 dicit
1417 2604 1530 2656 signa
1563 2602 1810 2650 morborum3
1839 2613 1915 2642 non
1956 2607 2086 2642 servat
2116 2602 2328 2656 legitimum

201 2662 398 2711 ordinem,
424 2672 513 2700 nam
542 2665 630 2712 post
658 2659 830 2700 remedia
859 2660 971 2714 signa
995 2663 1301 2710 commemorat,
1330 2657 1457 2710 idest
1485 2657 1706 2710 turpitudo,
1746 2657 1898 2697 scabies
1939 2658 2063 2698 sectio
2094 2669 2164 2711 per
2190 2669 2329 2710 vepres

229 2717 412 2757 odatrrae.
1243 2740 1250 2744 -
2040 2734 2043 2737 -

202 2729 224 2769 p
300 2752 398 2810 -DVS.
429 2767 522 2810 442.
580 2767 720 2807 Altius
751 2768 807 2807 ad
833 2769 964 2807 vivum
989 2767 1192 2820 persedit,
1224 2767 1414 2809 medullas
1445 2771 1484 2807 et
1512 2777 1603 2807 ossa
1634 2770 1822 2819 penetrat.
1853 2787 1906 2795 —-
1935 2763 2003 2806 Ad
2035 2767 2173 2809 virum,
2201 2765 2330 2806 locum

204 2825 448 2875 sensibilem,
478 2824 526 2864 ad
559 2835 713 2877 corpus.
777 2821 913 2874 Cano,
945 2823 1124 2864 candido.

337 2960 389 3002 58)
413 2959 450 2993 In
472 2964 558 2992 textu
582 2965 732 3002 parco,
755 2956 789 2990 in
813 2964 915 2999 marg.
947 2953 989 2988 ab
1014 2954 1130 2988 eadem
1155 2963 1251 2988 manu
1285 2962 1421 2999 parvo
1445 2951 1654 2995 adscriptum.
1702 2951 1754 2994 5⁹)
1778 2950 1975 2986 moloaun
1998 2956 2031 2986 et
2054 2951 2101 2985 sic
2123 2949 2236 2995 pauno
2258 2956 2334 2994 pon

207 3006 401 3041 molosus
427 3010 459 3040 et
482 3004 658 3039 motoso.
706 3002 759 3045 00)
783 3001 945 3046 Agnes.
992 3001 1043 3043 ⁶1)
1068 3010 1189 3052 quae.
2159 3021 2165 3025 .
