2430 3177
1240 56 1273 106 5

181 186 362 228 bucolica
389 189 556 241 scripsit,
582 193 629 229 ut-
657 189 697 229 in
727 189 917 231 eiusmodi
945 193 1138 242 poemate,
1171 193 1285 244 quod<
1307 193 1432 247 magis
1452 192 1611 232 vvarium
1641 198 1680 233 et
1697 194 1814 246 paulo
1836 195 2082 245 ,liberius1⁴⁰)
2115 201 2187 246 est,
2218 210 2335 249 quam

180 249 330 292 cetera,
361 243 585 290 facultatem
615 245 775 286 haberet
804 245 1019 298 captandae
1049 245 1227 287 Caesaris
1256 248 1522 302 indulgentiae
1545 249 1829 301 repetendique
1858 252 1965 304 agri,
2004 264 2120 303 quem
2151 253 2338 293 amiserat

180 299 232 339 ob
258 298 360 339 hanc
377 310 562 345 causam.
622 299 765 340 Occiso
792 301 832 339 in
861 301 968 341 curia
988 299 1051 340 die
1069 300 1118 339 Ill
1148 303 1282 356 iduum
1310 303 1535 344 Martiarum
1565 303 1608 343 G.
1630 303 1825 354 Caesare,
1857 318 1945 346 cum
1976 305 2200 360 Augustum
2223 307 2331 347 Cae-

180 365 310 393 sarem
338 365 462 406 paenc
491 367 653 407 puerum
684 355 756 394 sibi
786 355 982 403 veterani,
1022 368 1103 396 non
1135 359 1331 397 abnuente
1361 362 1518 406 senatu,
1552 358 1690 398 ducem
1723 362 2033 412 constituissent,
2064 367 2202 401 exorto
2233 363 2334 402 civili

178 409 282 449 bello
314 408 599 449 Cremonenses
631 422 720 449 cum
751 410 891 449 ceteris
923 410 1097 450 eiusdem
1128 413 1244 453 studii
1274 413 1522 452 adversarios
1543 413 1714 467 Augusti
1738 414 1916 456 Caesaris
1948 417 2198 464 adiuveruut3
2229 417 2335 457 unde

175 463 325 505 factum
357 468 428 512 est,
461 470 512 513 ut,
546 477 633 504 cum
654 465 776 503 victor
793 465 998 517 Augustus
1028 466 1066 504 in
1089 480 1224 508 eorum
1246 479 1365 520 agros
1386 472 1595 508 veteranos
1626 468 1766 508 deduci
1794 471 1986 522 iussisset,
2015 484 2095 512 non
2116 471 2336 512 sufficiente

179 531 276 572 agro
308 518 652 569 Cremonensium,
683 519 881 560 Mantuani
910 532 1087 572 quoque,
1116 523 1156 561 in
1187 523 1328 574 quibus
1361 527 1443 563 erat
1473 524 1588 562 etiam
1619 528 1734 575 poeta
1763 525 1968 578 Virgilius,
2000 528 2210 567 maximam
2237 539 2336 579 par-

174 570 417 614 tem'finium
450 586 611 613 suorum
639 574 901 625 perdidissent
930 587 997 625 eo,
1029 577 1134 626 qu'od
1163 578 1277 618 vicini
1309 577 1638 618 Cremonensibus
1668 578 1833 619 fuerant.
1894 581 1971 621 Sed
1992 582 2175 635 Virgilius
2196 583 2336 622 merito

175 630 392 669 carminum
422 629 546 669 fretus
577 633 615 667 et
643 630 1085 681 amicitia-quorundam
1117 629 1330 684 potentium
1362 633 1581 673 centurioni
1599 633 1715 674 Arrio
1748 646 1836 674 cum
1859 635 2053 676 obsistere
2074 649 2193 677 ausus
2215 642 2334 686 esset,

175 684 241 724 ille
270 685 422 733 statim,
461 688 505 724 ut
534 683 666 734 miles,
700 684 747 723 ad
779 685 951 738 gladium
980 699 1138 727 manum
1169 687 1361 738 admovit,
1403 700 1572 739 cumque
1610 700 1654 728 se
1682 690 1721 728 in
1749 684 1883 742 sugam
1913 692 2170 742 proripuisset
2204 697 2334 743 poeta,

174 748 255 780 non
284 740 391 790 prius
421 737 507 777 finis
536 739 798 790 persequendi
826 740 918 790 fuit,
959 753 1076 792 quam
1113 755 1157 782 se
1196 745 1235 782 in
1275 743 1436 783 fluvium
1468 744 1652 796 Virgilius
1684 745 1919 785 coniecisset
1959 751 2078 797 atque
2107 747 2145 784 in
2174 744 2336 785 alteram

173 796 296 848 ripam
327 793 574 834 enatavisset.
642 794 720 835 Sed
749 801 886 847 postea
925 808 996 847 per
1023 797 1287 837 Maecenatem
1328 803 1367 838 et
1404 811 1475 850 per
1511 799 1736 839 triumviros
1777 801 1882 853 agris
1922 800 2139 840 dividendis
2179 801 2335 852 Varum,

172 849 385 889 Pollionem
424 853 463 888 et
494 848 716 889 Cornelium
748 851 917 901 Gallum,
958 850 1063 891 fama
1094 854 1308 893 carminum
1338 853 1633 893 commendatus
1663 854 1846 908 Augusto
1887 860 1926 895 et
1964 868 2081 909 agros
2112 857 2260 907 recepit
2295 854 2335 896 e't

173 904 357 956 deinceps
395 904 645 956 imperatoris·
677 904 857 945 familiari
897 919 1032 947 amore
1069 908 1282 960 perfruitus
1323 914 1395 948 est.
1465 908 1630 949 lntentio
1668 909 1774 960 libri,
1824 922 1941 962 quam
1987 909 2151 951 σκοπόν
2194 911 2334 951 Graeci

171 965 328 1009 vocant,
357 960 400 1004 ,in
428 960 642 999 imitatione
671 959 700 998 T
705 959 865 1000 heocriti
896 966 1037 1013 poetae
1067 964 1338 1013 constituitur,
1370 964 1436 1015 qui
1466 964 1618 1004 Siculus
1650 969 1768 1016 atque
1784 965 2059 1017 Syracusanus
2089 966 2172 1015 fuit,
2205 971 2244 1005 et
2273 971 2334 1006 est

172 1010 335 1056 intent-io
366 1010 480 1054 etiam
509 1015 548 1053 in
575 1013 691 1054 laude
712 1014 892 1055 Caesaris
925 1021 963 1055 et
982 1018 1211 1070 principium
1242 1024 1476 1068 ceterorum,
1507 1032 1577 1070 per
1607 1031 1706 1070 quos
1736 1020 1774 1059 in
1805 1020 1921 1060 sedes
1952 1033 2045 1060 suas
2076 1027 2191 1073 atque
2213 1033 2332 1074 agros

171 1071 298 1118 rediit,
332 1070 436 1109 unde
465 1069 628 1109 effectus
657 1068 824 1120 finisque
852 1071 1033 1108 carminis
1068 1078 1105 1110 et
1135 1072 1433 1111 delectationem
1464 1078 1502 1111 et
1530 1073 1733 1112 utilitatem
1753 1075 1970 1114 secundum
1999 1082 2205 1128 praecepta
2228 1088 2331 1116 con-

171 1125 274 1167 fecit.
295 1129 351 1172 4¹)
414 1124 558 1171 Quaeri
586 1123 706 1172 solet,
748 1135 818 1162 cur
847 1135 925 1163 non
958 1124 1057 1165 ultra
1098 1137 1213 1176 quam
1243 1125 1279 1164 X
1310 1126 1470 1179 eclogas
1502 1127 1723 1178 scripserit,
1766 1129 1872 1179 quod
1907 1141 2153 1181 nequaquam
2193 1132 2331 1171 mirum

170 1180 364 1220 videbitur
392 1179 452 1227 ei,
495 1177 560 1229 qui
590 1177 920 1228 consideraverit,
962 1180 1188 1235 varietatem
1218 1192 1426 1220 scenarum
1456 1182 1707 1233 pastoralium
1744 1183 1845 1222 ultra
1883 1183 1987 1224 hunc
2018 1198 2222 1225 numerum
2253 1197 2331 1225 non

168 1236 347 1288 potuisse
374 1233 562 1286 proferri3
598 1234 827 1284 praesertim
861 1245 949 1273 cum
978 1235 1062 1286 ipse
1099 1239 1214 1287 poeta
1247 1236 1567 1288 circumspectior
1596 1237 1828 1287 Theocrito,
1870 1243 1912 1278 ut
1949 1240 2033 1291 ipsa
2068 1252 2132 1279 res
2172 1239 2328 1290 indicat,

169 1291 347 1330 videatur
376 1293 563 1338 metuere,
594 1299 645 1326 ne
671 1288 734 1326 illa
766 1288 917 1341 ecloga,
950 1301 1051 1340 quae
1070 1289 1231 1330 Pollioni
1249 1291 1444 1341 scribitur,
1476 1293 1603 1331 minus
1622 1295 1770 1334 rustica
1798 1294 2003 1343 iudicetur,
2035 1307 2123 1335 cum
2144 1295 2183 1334 id
2202 1296 2329 1347 ipsum

170 1345 410 1399 praestruxit
441 1343 596 1383 dicens:
636 1343 896 1383 Sicelides
936 1344 1131 1395 Musae,
1173 1345 1321 1397 paulo
1361 1347 1551 1397 maiora
1582 1360 1844 1397 canamuS,
1887 1353 1926 1388 et
1954 1349 2057 1389 idem
2086 1350 2260 1390 similiter
2288 1351 2328 1389 in

170 1401 255 1443 aliis
286 1399 437 1445 duabus
467 1398 571 1438 facit.
630 1398 727 1437 Illud
757 1399 969 1439 tenendum
999 1412 1089 1440 esse
1126 1401 1388 1452 praedicimus
1439 1402 1477 1441 in
1518 1402 1708 1442 bucolicis
1737 1403 1907 1457 Virgilii,
1950 1416 2079 1457 neque
2118 1417 2324 1456 nusquam,

168 1468 298 1508 neque
326 1452 666 1506 ubiqueiigurate
688 1453 840 1505 >aliquid
871 1454 967 1504 dici,
1008 1454 1084 1495 hoc
1114 1460 1173 1495 est
1203 1468 1273 1508 per
1301 1456 1543 1509 allegoriam.
1611 1458 1686 1497 Vix
1715 1459 1816 1497 enim
1846 1464 2005 1511 propter
2033 1460 2186 1501 laudem
2220 1460 2324 1500 Cae-

168 1512 271 1552 s'aris
303 1515 341 1549 et
370 1509 536 1549 amissos
573 1511 697 1561 agros
728 1508 828 1548 haec
856 1509 1017 1562 Virgilio
1057 1511 1347 1559 conceduntur,
1388 1524 1476 1550 cum
1506 1511 1738 1553 Theocritus
1776 1514 2001 1565 simpliciter
2037 1517 2323 1566 conscripserit,

170 1578 286 1619 quem
316 1565 379 1603 hic
408 1568 544 1603 noster
576 1569 740 1612 conatur
768 1564 922 1604 imitari.
983 1565 1168 1616 Sequitur
1206 1565 1268 1615 id,
1309 1565 1415 1617 quod
1452 1566 1491 1604 in
1528 1568 1615 1618 ipso
1644 1568 1817 1608 carmine
1846 1570 2003 1609 tractari
2033 1571 2154 1619 solet,
2195 1570 2234 1610 id
2265 1576 2325 1610 est

165 1626 370 1667 numerus,
402 1618 513 1672 ordo,
545 1619 779 1670 explanatio.
837 1618 1031 1659 Numerus
1062 1620 1287 1672 eclogarum
1319 1620 1549 1660 manifestus
1581 1627 1652 1672 est,
1683 1634 1772 1662 nam
1803 1623 1937 1664 decem
1968 1630 2082 1674 sunt,
2103 1638 2151 1664 ex
2182 1626 2322 1676 quibus

168 1675 324 1730 proprie
343 1673 556 1714 *bucolicae
585 1677 735 1726 septem
766 1677 856 1713 esse
885 1673 1122 1723 creduntur,
1162 1674 1267 1726 quod
1299 1687 1348 1715 ex
1377 1675 1437 1715 his
1468 1677 1712 1729 excipiantur
1739 1678 1880 1729 Pollio,
1922 1679 2076 1720 Silenus
2106 1685 2145 1720 et
2177 1681 2320 1721 Gallus.

167 1732 293 1772 Prima
332 1731 450 1784 igitur
490 1729 662 1769 continet
701 1730 1026 1780 conquestionem
1065 1730 1281 1781 publicam,
1318 1732 1509 1783 privatam
1548 1733 1849 1785 gratulationem
1886 1733 1935 1774 de
1974 1748 2069 1789 agro
2107 1740 2145 1775 et
2183 1736 2322 1776 dicitur

167 1786 352 1838 Tityrus3'
377 1784 550 1824 seeunda
581 1796 755 1824 amorem
784 1785 894 1836 pueri
925 1789 962 1824 et
991 1785 1132 1825 dicitur
1160 1786 1295 1837 Alexis
1306 1799 1318 1835 3
1350 1787 1463 1826 tertia
1493 1793 1692 1828 certamen
1719 1788 1922 1841 pastorum
1953 1796 1990 1830 et
2021 1791 2160 1831 dicitur
2179 1791 2318 1831 Palae-

167 1855 278 1890 m0n;
309 1845 446 1892 quarta
477 1839 764 1893 genethliacum
797 1844 834 1879 ct
861 1839 1002 1880 dicitur
1029 1840 1171 1889 l'ollio3
1203 1842 1337 1892 quinta
1365 1839 1603 1897 ἐπιτάφιον
1632 1848 1670 1883 et
1699 1844 1840 1884 dicitur
1868 1845 2041 1897 Daphnis
2052 1859 2063 1895 ;
2100 1852 2211 1886 sexta
2239 1860 2320 1897 με·

167 1894 449 1951 ταμόρφωσιν
468 1899 530 1942 *ζῆ
560 1899 598 1934 et
629 1894 919 1935 dicitur-Varus
950 1896 1011 1935 vel
1042 1896 1218 1945 Silenus3
1249 1897 1737 1949 septimadelectationem
1764 1905 1964 1952 pastorum
1996 1906 2035 1941 et
2064 1901 2204 1941 dicitur
2235 1901 2318 1941 Co-

166 1953 293 2006 rydon
305 1965 315 2001 ;
347 1956 489 1991 octava·
502 1960 657 1989 amores
666 1951 726 1999 ⁴³)
745 1949 990 1990 diversorum
1011 1957 1176 1991 sexuum
1198 1957 1235 1992 et
1254 1951 1396 1992 dicitur
1415 1953 1566 1994 Damon
1589 1958 1627 1993 et
1645 1954 1975 2006 pharmaceutria3
1995 1967 2099 1997 nona
2120 1959 2317 2009 proprium

165 2013 307 2062 poetae
337 2006 658 2058 conquestionem
688 2004 736 2044 de
765 2006 910 2045 amisso
939 2018 1037 2059 agro
1078 2011 1115 2045 et
1151 2006 1290 2058 dicitur
1317 2006 1484 2056 Moeris;
1524 2008 1674 2048 decima
1701 2010 1938 2050 desiderium
1969 2011 2066 2051 Galli
2106 2013 2208 2052 circa
2236 2012 2315 2051 Po-

165 2064 348 2117 lymniam
381 2059 628 2113 Cytheridem
648 2060 707 2110 Μ)
737 2065 775 2100 et
804 2060 945 2100 dicitur
974 2060 1121 2102 Gallus.-
1179 2060 1293 2110 Quod
1323 2062 1372 2102 ad
1402 2063 1578 2103 ordinem
1607 2069 1768 2117 spectat,
1799 2066 1893 2105 illud
1924 2063 2245 2116 scireidebemuffl
2277 2069 2315 2106 in

164 2121 287 2173 prima
320 2121 466 2156 tantum
497 2120 536 2154 ct
564 2116 602 2153 in
630 2115 765 2156 ultima
789 2116 932 2168 ,ecloga
963 2120 1117 2168 poetam
1150 2117 1322 2157 voluisse
1352 2118 1526 2157 ordinem
1555 2131 1773 2169 reservare,
1806 2121 1961 2172 quando
1989 2123 2026 2161 in
2057 2122 2177 2161 altera
2200 2123 2314 2174 prin-

165 2175 308 2228 cipium
340 2170 596 2219 constituerit,
627 2174 671 2210 ut
699 2171 738 2209 in
768 2171 964 2224 georgicis
996 2173 1067 2212 ait:
1098 2172 1292 2222 Tityre,
1325 2177 1371 2212 te
1396 2174 1593 2226 patulae
1623 2176 1786 2215 cecini
1817 2177 1910 2216 sub
1940 2179 2159 2230 tegmine
2187 2177 2310 2230 fagi,

164 2231 205 2271 in
234 2225 353 2271 altera
386 2226 602 2267 ostenderit
629 2224 768 2275 finem,
808 2227 950 2278 quippe
981 2239 1067 2265 cum
1101 2227 1227 2266 dicat:
1268 2227 1555 2268 Extremum
1587 2230 1720 2270 hunc
1749 2230 2005 2272 Arethusa
2034 2232 2154 2271 mihi
2185 2244 2310 2272 con-

166 2284 300 2327 cede·
318 2283 555 2324 laborem.
612 2281 756 2320 Verum
786 2283 887 2321 inter
916 2282 1020 2334 ipsas
1053 2282 1210 2335 eclogas
1239 2283 1455 2323 naturalem
1488 2291 1791 2337 consertumque
1827 2286 2001 2326 ordinem
2030 2286 2178 2326 nullum
2208 2298 2309 2336 esse,

165 2340 425 2382 certissimum
468 2341 549 2384 est,
594 2337 667 2384 etsi
711 2341 823 2386 sunt,
871 2339 935 2388 qui
972 2337 1124 2387 dicant,
1165 2338 1315 2377 initium
1351 2338 1518 2379 bucolici
1554 2341 1734 2380 carminis
1773 2352 1852 2380 non
1881 2341 2057 2393 Tityre
2088 2353 2198 2389 esse,
2239 2342 2310 2382 sed

163 2393 322 2436 Prima
348 2385 636 2445 'Syracusio'
660 2391 866 2444 dignata
895 2397 971 2432 est
1002 2393 1185 2433 ludere
1213 2404 1374 2432 versu.
1434 2394 1621 2446 Superest
1649 2395 1888 2446 explanatio,
1919 2396 2036 2448 quam
2063 2396 2102 2434 in
2133 2396 2308 2437 ordinem

164 2451 413 2504 degeremus,
444 2460 531 2488 cum
561 2446 882 2498 praedixerimus,
912 2446 1006 2487 illud
1035 2448 1209 2500 inprimis
1241 2448 1450 2487 tenendum
1482 2461 1582 2498 esse,
1614 2449 1835 2490 bucolicum
1865 2463 2024 2492 carmen
2052 2463 2180 2502 usque
2209 2452 2308 2492 adeo

164 2506 213 2545 ab
243 2505 401 2545 heroico
430 2503 657 2543 charactere
684 2501 848 2550 distare,
891 2507 933 2542 ut
961 2514 1101 2542 versus
1133 2514 1291 2554 quoque
1321 2502 1435 2542 huius
1466 2506 1648 2545 carminis
1677 2517 1769 2545 suas
1799 2506 1988 2557 quasdam
2019 2518 2202 2548 caesuras
2229 2507 2307 2546 ha-

164 2560 281 2601 beant
307 2566 345 2599 et
373 2559 454 2598 suis
480 2557 632 2609 legibus
653 2556 954 2610 distinguantur.
1013 2558 1107 2598 Nam
1131 2570 1218 2598 cum
1241 2558 1362 2597 tribus
1381 2557 1440 2597 his
1463 2559 1648 2610 probetur
1667 2564 1845 2609 metrum,
1877 2573 2054 2611 caesura,
2084 2563 2305 2612 scansione,

164 2614 471 2662 modificatione,
493 2609 550 2661 ⁴⁵⁷)
583 2624 661 2652 non
691 2613 765 2652 erit
792 2613 994 2653 bucolicus
1023 2625 1181 2662 versus,
1211 2612 1285 2651 nisi
1315 2613 1352 2668 in
1384 2625 1461 2664 quo
1493 2618 1530 2653 et
1557 2615 1704 2666 primus
1733 2627 1802 2668 pes
1831 2621 1980 2668 partem
2010 2617 2197 2657 orationis
2229 2617 2305 2657 ab-

164 2670 351 2716 solverit,
378 2674 419 2708 et.
444 2668 582 2708 tertius
611 2666 820 2708 trochaeus
848 2667 986 2718 fuerit,
1026 2673 1065 2708 et
1094 2673 1255 2720 quartus
1285 2679 1355 2720 pes
1385 2668 1565 2720 dactylus
1595 2671 1743 2724 magiS,
1781 2683 1897 2722 quam
1926 2671 2126 2724 spondeus
2154 2677 2303 2725 partem

165 2725 352 2767 orationis
382 2724 644 2764 terminaverit
654 2734 666 2772 ;
696 2724 855 2774 quintus
885 2729 924 2764 et
951 2729 1088 2763 sextus
1118 2736 1186 2777 pes
1217 2735 1305 2762 cum
1334 2723 1497 2777 integris
1527 2723 1759 2766 dictionibus
1789 2726 1953 2778 fuerint,
1985 2726 2092 2780 quod
2119 2740 2143 2769 a
2166 2727 2301 2768 Theo·-

294 2935 346 2976 40)
371 2933 406 2966 ln
431 2930 562 2966 codice:
589 2939 788 2977 poemate
812 2935 949 2980 magis
973 2935 1131 2970 val-lum
1156 2936 1269 2982 quod
1295 2930 1334 2972 et
1361 2937 1492 2983 paulo
1513 2938 1714 2974 tiberius.
1747 2941 1797 2982 41)
1815 2937 1976 2983 Scriptum
1994 2944 2060 2972 est:
2087 2940 2299 2984 perfecit,

163 2982 221 3015 sed
245 2982 343 3025 prima
369 2979 492 3022 syllaba
517 2981 649 3022 punctis
670 2983 822 3023 appositis
849 2982 954 3015 deleta
979 2988 1012 3016 et
1043 2993 1119 3015 con
1145 2995 1241 3028 supra
1265 2987 1417 3028 scriptum
1443 2991 1502 3018 est.
1524 2995 1525 2999 ¹
1560 2987 1611 3028 42)
1638 2986 1671 3018 ln
1698 2986 1817 3019 codice
1840 2986 1974 3029 leg-itur:
1998 2983 2296 3029 μεταμόρφὼσις.

162 3028 212 3070 43)
246 3027 357 3061 Codex
391 3026 505 3058 habet:
540 3035 722 3059 mores.
779 3027 830 3069 4⁸)
864 3027 977 3063 Codex
1007 3028 1121 3063 habet:
1155 3031 1367 3074 polimnifi
1400 3031 1675 3066 citheridem.
1732 3033 1782 3074 45)
1819 3030 1950 3066 Codex:
1984 3032 2297 3067 edificatione.
