2430 3177
1231 103 1291 150 10

291 239 296 244 “
325 238 391 277 Vs.
422 234 516 278 348.
573 233 683 273 Ante
713 237 1021 285 exspectatam,
1052 231 1157 273 dicto
1189 233 1327 282 citius,
1358 235 1569 284 antequam
1602 235 1855 284 exspectatus
1875 230 2081 275 adventus.
2142 232 2239 272 Stat
2259 245 2331 286 pro

197 294 347 342 obstat,
378 304 468 331 nam
498 290 788 342 aphaeresis³⁵)
819 293 893 328 est.
2276 280 2281 282 ’

327 348 393 386 Vs.
425 343 518 386 349.
577 342 656 386 At,
689 343 941 391 subauditur,
983 343 1107 394 qualis
1149 345 1209 382 est
1246 341 1372 394 pastio
1414 341 1572 381 Pontica
1601 341 1877 392 Scythicaque.
1940 340 2181 386 Maeotica,
2221 342 2333 394 palus

196 403 379 454 Scythiae
416 400 564 452 frigore
592 399 955 452 congelascens.³⁶)
988 397 1253 437 Gummi-ms
1285 396 1389 436 dicit.
1432 419 1482 425 —
1525 395 1724 449 Scythiae
1762 401 1905 447 yentes
1943 396 2016 436 sub
2055 397 2333 450 septentrionis

195 458 368 510 partibus
406 457 534 494 iacent
563 453 703 504 Asiae,
744 453 937 505 Europae.
998 451 1237 500 Maeotica,
1276 451 1438 491 Maeotis
1468 451 1651 503 Scythiae
1679 451 1814 504 palus,
1853 453 1893 492 in
1924 463 2040 504 quam
2066 451 2151 492 fluit
2178 450 2333 501 Tanais,

196 513 296 552 dicta
327 524 348 551 a
379 508 547 561 nympha
577 508 692 548 huius
723 508 904 547 nominis.
960 509 1141 547 lemnus
1173 506 1276 546 dicit.
1862 507 1864 509 ’

326 566 391 604 Vs.
423 561 517 604 350.
577 562 820 608 Flaventes,
862 562 1067 615 spirantes.
1095 584 1150 590 —
1181 559 1348 610 Hister,
1386 560 1526 600 fluvius
1557 560 1765 612 Scythiae,
1803 561 1870 613 qui
1900 566 1939 602 et
1966 560 2170 601 Danubius
2198 560 2332 600 nomi-

197 626 330 665 natur3
361 620 424 659 alii
455 618 586 658 dicunt
615 620 821 671 seperatim
853 617 995 657 Hister.
2166 627 2173 630 ·

325 675 392 715 Vs,
421 671 517 722 351,
578 672 812 723 Rhodope,
843 683 956 713 mons
988 669 1177 710 Thraciae
1207 674 1246 710 et
1274 669 1443 709 flectitur
1471 670 1511 709 in
1542 670 1871 722 septentrionem,
1910 681 2000 712 nam
2030 670 2116 710 axis
2147 674 2207 710 est
2235 680 2332 722 sep-

194 730 357 779 tentrio,
399 740 500 780 quae
534 740 556 768 a
587 727 745 768 Graecis
783 727 949 779 hamaxla
961 728 1017 774 ³⁷)
1057 725 1298 775 nominatur,
1338 724 1410 764 sed
1448 729 1487 765 et
1522 725 1733 778 nympham
1773 724 1986 778 significat,
2027 737 2049 764 a
2085 736 2160 777 qua
2189 735 2334 765 nomen

193 784 410 837 accepim)

325 840 393 878 Vs.
424 836 518 878 354.
578 835 795 887 Informis,
837 847 974 877 carens
1012 834 1202 875 varietate
1239 833 1475 884 formarum,
1515 833 1711 885 nullisque
1752 833 2007 887 agnoscendo
2051 832 2252 874 limitibus.
2284 857 2334 863 —

196 891 428 946 Ayycribus
459 892 608 936 niveis,
640 891 916 943 superfusione
945 889 1056 928 nivis.

329 949 394 987 Vs.
425 945 517 1000 3525.
567 945 802 997 Adsuryit,
832 945 985 984 crescit.
1017 965 1071 971 -
1101 941 1151 980 In
1180 942 1324 987 ulnas,
1356 943 1447 983 ulna
1477 944 1683 996 utriusque
1711 955 1849 985 manus
1879 944 2082 994 extensio,
2113 942 2176 984 vel
2203 944 2334 984 verius

199 1004 371 1052 cubituS,
403 1001 508 1054 quod
539 1002 689 1041 Graece
720 997 922 1052 ὥλένη39)
953 998 1108 1038 dicitur.

328 1059 393 1097 Vs.
426 1054 521 1097 356.
584 1054 763 1106 Chauri,
793 1055 896 1094 venti
922 1053 960 1093 id
992 1057 1052 1092 est
1081 1052 1202 1092 chori.

326 1113 392 1151 Vs.
424 1110 516 1152 357.
582 1109 773 1154 Umbras,
806 1122 855 1149 ex
884 1108 1051 1149 nubibus
1082 1119 1161 1147 non
1192 1111 1309 1147 nocte
1336 1106 1477 1147 factae.

327 1168 393 1206 Vs.
425 1165 517 1208 360.
582 1163 730 1203 Crusta
761 1177 849 1205 cum
879 1175 1026 1217 genere
1054 1162 1241 1202 feminino
1273 1161 1436 1202 dicimus
1468 1161 1605 1215 lapidis
1636 1167 1703 1203 aut
1731 1162 1826 1216 ligni
1862 1166 1929 1203 aut
1965 1162 2080 1216 gelu,
2119 1174 2208 1203 cum
2244 1174 2333 1204 ma-

199 1223 349 1264 sculino
378 1223 501 1275 panis.
535 1245 583 1250 -
621 1219 807 1270 crustae,
837 1230 963 1270 aquae
993 1217 1235 1270 congelatae.

328 1278 394 1317 VS.
425 1274 519 1317 361.
584 1274 743 1326 Τενρο,
776 1274 907 1314 dorso.

328 1333 393 1372 Vs.
426 1329 518 1372 362.
577 1328 799 1382 Puppibus
839 1333 878 1368 et
914 1328 1025 1379 reliq.
1065 1326 1246 1380 paludem
1286 1327 1326 1365 in
1356 1326 1513 1378 Scythia
1554 1327 1667 1376 dicit,
1709 1338 1810 1378 quae
1847 1338 1917 1378 per
1938 1326 2122 1366 -hiemem
2151 1326 2336 1380 plaustris

197 1388 352 1430 transiri
381 1391 532 1439 potest,
559 1398 630 1438 per
659 1389 847 1426 aestatem
879 1383 1054 1436 navigari
1064 1395 1076 1432 3
1105 1393 1210 1421 nunc
1238 1381 1379 1422 hieme.
1410 1403 1461 1410 -
1493 1379 1634 1425 Prius,
1663 1386 1831 1430 aestate3
1859 1381 2036 1432 patalis,
2067 1382 2198 1436 patula
2217 1382 2335 1435 plau-

199 1450 278 1485 stra
309 1454 379 1495 pro
405 1441 606 1482 altitudine
635 1445 810 1480 rotarum
841 1439 1035 1479 dicuntur.
1095 1436 1304 1488 Hospita,
1333 1436 1483 1486 facilis,
1509 1441 1620 1490 apta,
1652 1435 1758 1478 unde
1789 1440 1828 1476 et
1850 1436 2054 1489 hospitalis
2083 1436 2202 1478 horno
2232 1437 2334 1477 dici-

199 1505 261 1539 tur
289 1510 310 1538 a
339 1502 377 1536 te
407 1497 596 1536 serxiens.
2308 1505 2311 1507 ¹

314 1510 397 1591 st.
435 1548 529 1592 363.
596 1547 846 1592 Dissiliunt,
885 1546 1134 1602 franguntur.
1183 1568 1238 1575 —-
1287 1545 1447 1598 Vulyo,
1490 1547 1636 1599 passim
1684 1549 1845 1598 crepant
1888 1545 2008 1586 nimio
2054 1545 2205 1600 frigore
2244 1535 2373 1587 aera>

227 1611 347 1648 utant.
2183 1623 2187 1624 ν

199 1621 223 1661 p
332 1662 396 1701 Vs.
435 1658 528 1700 364.
599 1656 869 1709 caeduntque
916 1655 1125 1695 secoribus
1162 1655 1399 1704 humidam)
1446 1656 1563 1699 vina,
1611 1668 1700 1695 cum
1738 1655 1777 1694 in
1813 1653 1935 1694 doleis
1966 1655 2141 1708 glaciata
2178 1653 2335 1696 fuerint.

198 1717 339 1758 Vinum
367 1715 595 1755 naturaliter
624 1712 790 1752 calidum
819 1713 897 1751 illic
925 1712 1077 1765 gelatur
1107 1716 1144 1751 et
1171 1710 1434 1763 intellegimus
1464 1711 1728 1764 peregrinum.

332 1771 397 1810 Vs.
428 1767 521 1810 365.
590 1767 775 1810 Vertere,
807 1778 896 1806 sese
925 1771 1090 1806 vertere.

332 1826 399 1865 Vs.
430 1822 522 1865 366.
586 1822 740 1872 Stiria,
775 1820 918 1861 humor
947 1820 996 1860 de
1026 1820 1182 1860 naribus
1213 1819 1362 1869 fluens3
1410 1819 1559 1859 stiriam
1590 1819 1794 1859 humorem
1822 1830 1913 1858 esse
1942 1818 2076 1858 dicunt
2103 1820 2142 1859 in
2170 1819 2336 1872 glaciem

200 1893 373 1929 versum,
403 1879 506 1932 quod
537 1880 650 1920 etiam
678 1889 747 1930 per
775 1876 943 1916 hiemem
974 1875 1077 1915 solet
1104 1875 1217 1914 tectis
1248 1873 1541 1926 dependere⁴¹),
1573 1874 1805 1927 appellatum
1836 1888 1857 1914 a
1887 1873 2033 1924 duritia,
2065 1885 2087 1913 a
2117 1886 2196 1926 quo
2223 1876 2338 1916 etiam

203 1937 341 1976 mulier
377 1934 520 1975 sterilis
560 1933 721 1981 dicitur,
762 1943 862 1983 quae
898 1942 977 1970 non
1016 1930 1211 1970 molliatur
1248 1933 1376 1981 partu.
1415 1952 1462 1958 -
1511 1927 1712 1976 Stiriafl)
1744 1933 1853 1982 gutta
1884 1929 1998 1968 tectis
2026 1928 2088 1969 vel
2117 1929 2337 1979 arboribus,

201 1990 377 2040 stiria⁴²)
407 1993 515 2043 gutta
546 1988 784 2028 deminutive
813 1985 936 2035 stilla,
965 1984 1057 2024 inde
1086 1984 1190 2024 stirs.
1248 1981 1427 2026 Bai-bis,
1458 1984 1496 2023 in
1528 1983 1687 2025 modum
1716 1983 1936 2024 barbarum.

336 2045 402 2084 Vs.
433 2041 525 2085 367.
584 2040 684 2080 Νοη
713 2041 869 2087 secius,
898 2052 979 2080 non
1008 2039 1169 2092 segnius
1200 2050 1316 2090 quam
1346 2037 1612 2079 inchoaverat.

335 2100 401 2139 Vs.
431 2096 525 2139 368.
586 2095 758 2135 Pruz'm's
772 2124 785 2147 ,
814 2095 977 2135 abusive
1005 2106 1074 2146 pro
1104 2093 1292 2141 nubibuS,
1323 2104 1415 2132 nam
1443 2093 1582 2147 pruina
1610 2093 1788 2134 matutini
1817 2094 2004 2146 temporis
2033 2092 2172 2146 frigus.

334 2155 400 2193 Vs.
432 2151 525 2194 370.
585 2150 701 2190 Mole
729 2163 849 2194 nova,
880 2150 997 2190 nimia
1025 2149 1064 2188 in
1095 2147 1374 2202 magnitudine.
1405 2171 1457 2178 —
1484 2146 1687 2199 Exstant,
1718 2152 1916 2201 apparent.

333 2210 400 2249 Vs.
431 2206 524 2249 371.
589 2204 803 2248 cassibus,
840 2204 1013 2253 retibus,
1052 2202 1143 2242 hinc
1182 2207 1256 2243 est.
1281 2202 1388 2255 quod
1422 2203 1620 2244 incassum
1649 2202 1688 2242 id
1726 2208 1786 2242 est
1815 2203 1901 2242 sine
1930 2212 2072 2253 causa,
2113 2203 2224 2254 quasi
2253 2203 2340 2245 sine

206 2265 397 2313 cassibus,
427 2263 464 2303 in
495 2263 703 2314 quib11s⁴³)
736 2260 889 2300 venatio
921 2264 982 2299 est
1010 2259 1138 2299 inane.
2109 2302 2123 2304 ἡ

338 2320 403 2358 Vs.
434 2315 527 2358 373.
587 2314 819 2359 Puniceoe,
851 2313 1010 2363 rubiae,
1040 2312 1252 2366 puniceae,
1282 2311 1544 2360 rubicundae3
1574 2312 1626 2352 ita
1657 2313 1758 2352 enim
1787 2310 1851 2352 hic
1881 2311 1991 2352 color
2010 2311 2057 2352 ab
2071 2311 2178 2352 Afris
2198 2313 2339 2366 appel-

204 2374 320 2467 lamp1
316 2387 327 2423 ;
355 2372 660 2426 intellegendum
689 2373 820 2410 autem
847 2379 927 2408 non
963 2369 1102 2421 pinnas
1131 2367 1338 2420 puniceas,
1376 2365 1446 2406 sed
1484 2366 1611 2419 pinnis
1646 2366 1822 2421 puniceis
1850 2366 1890 2407 id
1919 2371 1980 2407 est
2010 2367 2170 2409 maculis
2199 2368 2337 2409 roseis.

207 2452 258 2459 -
358 2429 465 2466 itant
504 2427 644 2468 coloni.

324 2443 402 2522 ι(ἤϊε.
431 2480 524 2522 374.
584 2479 793 2528 Mentem,
821 2477 965 2518 nivium
997 2475 1294 2517 multitudinem.

340 2537 406 2576 Vs.
436 2534 529 2575 375.
589 2534 822 2578 leentes,
852 2534 1028 2580 morefl)
1061 2543 1134 2572 suo
1165 2529 1363 2583 corn‘puit.

340 2592 407 2631 Vs.
439 2589 530 2630 377.
593 2584 830 2641 Speciebus,
859 2586 924 2626 1111
948 2586 1229 2627 declinationis.

341 2646 408 2685 Vs.
447 2643 538 2685 379.
606 2644 689 2682 Hic
725 2647 912 2686 noctem,
959 2641 1071 2694 quasi
1110 2640 1407 2694 perpetuitatem
1443 2639 1588 2683 noctis,
1630 2640 1773 2693 quippe
1809 2640 1882 2680 sub
1920 2641 2034 2681 terris
2071 2641 2185 2683 locati
2226 2641 2337 2682 ludos

210 2701 415 2741 celebrant.

342 2756 407 2795 Vs.
439 2751 531 2794 380.
590 2751 761 2795 Acidis,
798 2751 942 2792 herbis.
1005 2749 1175 2797 Sorbis,
1212 2748 1355 2790 sorbae
1390 2748 1582 2800 quaedam
1645 2751 1701 2790 ira
1739 2754 1852 2799 sunt,
1889 2761 1992 2802 quae
2030 2763 2116 2790 cum
2146 2750 2340 2791 fermento

211 2823 392 2863 saporem
421 2808 501 2850 vini
539 2809 788 2848 mentiuntur.
846 2806 1027 2847 lemnus
1068 2810 1107 2846 et
1137 2804 1401 2845 Genuam-rius
1439 2803 1543 2845 dicit.
1639 2816 1735 2844 enus
1775 2805 1943 2857 potionis
1976 2810 2037 2847 est
2066 2805 2171 2858 quod
2199 2805 2339 2847 dicitur

344 2957 395 2993 35)
419 2953 613 2988 afer-esis.
661 2950 711 2992 36)
735 2949 1067 2985 convalescens.
1113 2948 1166 2991 2¹8)
1190 2957 1346 2983 amaxo.
1394 2947 1448 2990 38)
1471 2948 1648 2991 accipit.
1694 2949 1746 2990 ³⁹)
1773 2948 1882 2982 ulna.
1932 2949 1984 2990 ιο)
2010 2947 2151 2982 umida
2173 2952 2205 2983 et
2227 2947 2339 2992 paullo

213 3006 362 3089 ppjstrzsr.
375 2997 465 3079 e366.
487 3008 600 3033 umor
624 3001 657 3032 et
681 3006 837 3032 umorem.
884 2995 935 3039 u)
959 2994 1300 3039 deprehendere.
1347 2995 1400 3038 ⁴²)
1423 2995 1574 3037 styria.
1625 2994 1676 3037 Β)
1700 2994 1855 3029 Voluitne
1878 2993 2039 3069 scribere:
2064 2993 2339 3038 sinequibuu.
