2430 3177
1172 82 1233 129 21

1077 146 1338 166 Μ

194 214 205 218 ”
261 219 328 259 νε.
358 215 452 259 529.
517 215 598 263 Te,
628 215 833 258 Maecenas
861 214 925 256 vel
955 213 1160 256 Saturnus.

261 274 328 314 Vs.
359 271 452 314 531.
511 271 759 315 Palaestra,
788 283 858 324 per
887 270 1123 322 palaestram
1133 281 1145 317 ;
1183 268 1378 320 palaestra
1406 269 1554 309 rustica
1590 268 1750 310 luctatio
1763 270 1819 317 ⁵⁰)
1857 267 1959 310 dicta
1989 274 2048 309 est
2079 266 2172 308 α’πό
2202 270 2275 322 τῆς

123 327 267 382 πάλης
280 331 362 379 ⁵¹),
394 328 433 369 id
463 333 525 369 est
553 343 576 370 a
605 327 838 377 luctatione,
870 325 977 376 [vel]
1008 321 1100 364 α’πό
1127 323 1207 364 τοῦ
1234 319 1485 373 naalma)
1516 324 1556 364 id
1585 330 1646 365 est
1675 337 1698 364 a
1726 328 1835 364 motu
1864 336 1988 364 urnae
2020 325 2126 372 [nam
2154 327 2275 374 sorte]

126 383 234 426 ducti
265 384 471 424 luctantur.
1261 409 1266 413 <

259 439 323 479 Vs.
355 436 449 479 533.
508 436 652 476 Fortis
681 433 859 474 Etruria
889 435 1030 473 crevit.
1089 433 1298 487 Eleganter
1326 433 1460 475 Italiae
1478 433 1673 475 Etruriam
1702 435 1847 485 iunxit,
1879 434 1969 486 quia
1989 433 2114 487 primo
2141 434 2277 486 loqui—

122 497 188 534 tur
217 493 266 534 de
294 493 449 534 Romuli
479 493 641 545 imperio
671 495 709 531 et
733 490 862 530 Titum
891 491 1043 531 Tatium
1075 489 1266 542 collegam
1295 489 1379 529 eius
1408 489 1582 543 intellegi
1614 490 1706 530 vult.
1766 490 1856 531 Sive
1888 490 2003 530 Tusci
2017 491 2072 537 ³⁸)
2105 489 2275 529 bellico—

124 549 270 590 sissimi
300 554 338 589 et
368 559 466 602 gens
497 558 640 600 magna
665 545 819 594 fuit54).
849 568 906 575 —
944 544 1121 584 Etruria
1151 547 1371 594 constat⁵⁵)
1402 544 1620 587 secundum
1649 545 1853 586 historiam
1884 557 1906 584 a
1935 545 2078 585 Tuscia
2106 544 2157 586 ad
2185 544 2276 585 fre-

124 609 207 645 tum
236 603 424 646 Siculum.

257 659 323 698 Vs.
353 655 448 698 535.
509 655 699 707 Septem,
737 655 777 695 id
816 659 877 696 est
916 659 1065 708 septem
1095 660 1248 696 montes
1283 653 1528 706 Romaew),
1568 654 1809 706 Aventinus,
1850 654 2061 706 Tarpeius,
2103 652 2274 704 Caelius,

123 712 344 763 tentemus,
376 712 612 762 Quirinalis,
643 711 866 762 viminalis,
898 711 1121 763 Esquilinus
1135 714 1205 758 ⁵⁷).

191 783 193 785 ¹
255 768 323 808 Vs.
353 765 445 808 536.
506 764 679 805 Dictaei
715 767 847 818 reyis,
885 766 987 807 lovis
1019 778 1041 805 a
1073 770 1205 805 monte
1240 765 1403 805 Dictaeo
1435 763 1597 815 Cretae,
1629 769 1672 805 ut
1701 764 1786 814 alii,
1816 765 1857 804 in
1889 776 1968 816 quo
1998 764 2168 805 nutritus
2201 769 2274 804 est.

122 845 176 877 ε-
204 821 400 871 Dictaei,
438 822 551 863 Dicta
579 822 690 862 locus
729 822 768 861 in
801 822 989 873 Graecia,
1031 822 1070 862 in
1099 832 1177 873 quo
1206 819 1307 861 Iovis
1338 819 1528 860 educatus
1559 824 1641 872 est,
1683 825 1721 861 et
1748 820 1815 861 illo
1845 820 2058 871 imperante
2097 819 2275 860 seculum

123 878 198 920 fuit
226 878 413 919 ferreum.

257 934 324 974 Vs.
355 931 448 974 537.
505 931 641 984 Impia
668 936 706 972 et
733 932 903 984 reliqua,
947 932 1044 972 mire
1073 931 1243 972 rusticos
1273 931 1412 983 impios
1443 929 1558 981 dicit,
1590 930 1656 982 qui
1683 930 1871 971 iuvencos
1900 929 1940 969 in
1977 929 2110 981 epulas
2149 929 2271 971 fude-

122 989 291 1038 rint⁵⁸);
323 988 540 1029 servandos
574 988 699 1041 magis
727 989 809 1028 ruri
840 987 1048 1040 putabant,
1082 987 1173 1039 quia
1203 987 1372 1027 maiores
1401 986 1543 1026 bovem
1574 985 1684 1027 nefas
1716 985 1869 1026 comedi
1898 985 2095 1037 putabant.

256 1045 324 1084 Vs.
357 1040 450 1084 538.
509 1040 690 1087 Aureus,
731 1054 811 1082 non
850 1054 994 1082 aureus
1007 1045 1064 1090 ⁵⁹)
1105 1042 1319 1093 Saturnus,
1359 1040 1429 1082 sed
1460 1042 1550 1094 quia
1579 1052 1700 1081 aureo
1739 1040 1876 1080 seculo
1912 1039 2157 1094 regnaverit,
2195 1051 2274 1092 quo

122 1098 250 1141 bobus
279 1098 458 1141 homines
488 1110 568 1138 non
597 1097 944 1145 vescebanturw).
1684 1132 1688 1137 .

255 1154 323 1194 νε.
354 1151 446 1193 539.
503 1151 695 1191 Necdum
734 1151 975 1199 classicum,
1007 1153 1210 1199 sonumffl)
1239 1152 1434 1192 tubarum.
1466 1175 1518 1180 —
1551 1149 1740 1190 Classica
1770 1150 1907 1199 tubae,
1940 1149 2128 1200 classica,
2166 1149 2273 1202 prius

122 1209 226 1251 enim
252 1221 322 1263 per
351 1209 501 1248 classes
532 1207 803 1248 dividebantur
833 1209 1055 1258 exercitus,
1089 1211 1225 1259 postea
1254 1208 1358 1261 legio
1390 1207 1438 1247 ab
1468 1207 1660 1247 electione
1689 1206 1852 1245 militum
1882 1205 1983 1245 dicta
2013 1209 2085 1244 est.

257 1265 323 1304 Vs.
354 1261 449 1304 542.
505 1261 566 1301 Et
586 1263 665 1301 iam
687 1267 845 1313 tempus
868 1276 1012 1314 equum
1024 1276 1037 1308 ;
1067 1274 1167 1315 pene
1188 1264 1246 1303 sic
1265 1262 1406 1312 finivit,
1439 1261 1767 1314 quemadmodum
1788 1262 1826 1301 in
1847 1261 2035 1312 principio
2049 1291 2059 1309 ,
2091 1264 2133 1299 ut
2153 1271 2268 1300 com-2

120 1320 326 1372 paratione
354 1322 542 1359 uteretur.
600 1321 782 1356 lusimus
813 1317 927 1367 dicit3
959 1318 1071 1357 aliter
1101 1319 1358 1357 GAunnm-ms
1389 1317 1441 1358 ait
1471 1317 1729 1370 allegoricos3
1760 1316 1837 1354 hoc
1856 1315 1968 1355 dicit:
1999 1315 2186 1355 debemus
2207 1314 2273 1354 fa-

121 1375 247 1428 tigato
277 1375 435 1428 ingenio
465 1385 628 1425 parcere
655 1372 732 1412 fine
763 1374 969 1422 carminis;
1002 1384 1098 1412 sane
1127 1384 1205 1413 non
1237 1378 1298 1413 est
1328 1373 1566 1424 comparatio
1596 1371 1668 1412 sed
1697 1371 1920 1421 translatio,
1959 1371 2060 1410 sicut
2089 1371 2202 1410 etiam
2234 1370 2274 1409 in

120 1431 234 1483 primi
263 1429 339 1468 fine
369 1429 548 1469 dicimus.
577 1449 633 1456 —-
670 1429 718 1467 Et
747 1428 921 1480 plerique
950 1428 1086 1468 volunt
1112 1427 1201 1468 ideo
1231 1440 1321 1467 eum
1350 1427 1498 1467 dixisse
1529 1428 1624 1476 [se]
1664 1426 1740 1467 hoc
1769 1426 1858 1465 loco
1889 1426 2046 1464 carmini
2085 1425 2272 1478 georgico

122 1483 240 1524 finem
268 1484 487 1534 facturum,
525 1482 632 1534 quod
661 1482 739 1523 duo
769 1488 981 1536 sequentes
1009 1483 1097 1524 libri
1125 1483 1344 1536 pastorales
1372 1494 1452 1522 non
1481 1483 1683 1536 georgici,
1720 1486 1763 1522 ut
1792 1481 1908 1520 etiam
1937 1480 1976 1520 in
2005 1480 2127 1532 prima
2155 1480 2272 1520 huius

126 1540 309 1581 carminis
338 1543 449 1592 parte
477 1538 795 1580 memoravimus.

917 1648 1464 1655 p—-m—-fi-*m-

875 1792 1056 1904 Liber
1102 1793 1200 1869 111.
1250 1750 1516 1886 georgic.

257 1943 324 1983 Vs.
359 1943 394 1983 1.
456 1941 652 1994 Quoque,
684 1942 907 1983 coniunctio
939 1943 1157 1994 expletiva,
1189 1954 1291 1994 quae
1318 1954 1398 1982 non
1427 1942 1604 1994 ponitur,
1634 1941 1709 1981 nisi
1727 1940 1803 1982 iam
1833 1939 1978 1991 aliquid
2008 1944 2099 1980 ante
2127 1936 2272 1980 dictum

123 1998 187 2040 sit.
246 1997 408 2050 Mayua
437 1996 588 2042 Pales,
629 1997 815 2050 Virgilius
844 1997 1031 2038 feminino
1063 1997 1181 2048 dicit,
1214 1997 1300 2048 alii,
1330 1999 1432 2038 inter
1461 2008 1560 2048 quos
1602 1995 1754 2040 Varro,
1793 2000 1928 2047 putant
1958 2006 2048 2034 esse
2076 1996 2268 2036 masculi-

121 2066 239 2104 num,
271 2058 314 2094 ut
342 2053 406 2093 hic
433 2052 566 2101 Pales3
599 2052 691 2092 huic
720 2052 839 2093 Sacra
869 2053 1072 2093 solvuntur
1100 2051 1167 2091 Xl.
1207 2052 1258 2092 id.
1291 2053 1402 2102 maii,
1443 2064 1543 2103 quae
1571 2051 1683 2092 Palea
1695 2054 1750 2099 ⁶²)
1782 2050 1976 2090 dicuntur.
2007 2072 2059 2079 —-
2109 2049 2270 2101 Mayua

122 2107 279 2160 Pales,
308 2120 432 2161 quare
457 2119 641 2161 magnam
670 2107 799 2148 Palem
829 2107 957 2148 dixit?
1002 2107 1100 2147 Cum
1119 2108 1238 2160 igitur
1254 2107 1418 2147 Romani
1445 2106 1592 2146 bellum
1621 2111 1754 2147 contra
1775 2106 2010 2147 Sallentinos
2040 2104 2272 2145 habuissent

122 2164 275 2218 Regulo
305 2163 494 2213 consule,
525 2163 669 2216 templo
700 2165 735 2203 ei
765 2176 786 2204 a
816 2162 968 2216 Regulo
999 2163 1211 2204 constituto
1241 2162 1442 2203 Sallentini
1471 2162 1563 2202 victi
1590 2167 1693 2202 sunt.
1753 2160 1912 2213 Mayua
1932 2158 2082 2212 Pales,
2112 2161 2271 2200 invocat

123 2220 237 2259 deam
266 2219 396 2272 pabuli
425 2218 600 2259 dicturus
631 2218 681 2259 de
709 2218 954 2258 animalibus.
1013 2218 1122 2259 Sicut
1152 2217 1201 2257 de
1229 2217 1435 2257 frumentis
1463 2222 1502 2257 et
1530 2218 1672 2257 vitibus
1694 2217 1812 2256 Ceres
1845 2221 1883 2256 et
1912 2216 2046 2265 Liber,
2078 2215 2136 2254 sic
2164 2226 2269 2255 nunc

123 2279 162 2315 et
189 2274 229 2314 in
241 2275 431 2369 dcarmine
459 2273 645 2326 pastorali
666 2278 755 2326 post
783 2273 999 2326 georgicon
1029 2273 1103 2313 dea
1123 2272 1252 2325 pabuli
1278 2272 1412 2324 Pales,
1444 2284 1561 2325 quam
1590 2273 1654 2313 alii
1673 2273 1855 2322 Vestam,
1887 2271 1950 2312 alii
1980 2274 2144 2310 matrem
2165 2269 2269 2310 ‹leo-

122 2341 211 2370 rum
267 2329 386 2370 icunt.

257 2385 325 2425 Vs.
355 2382 394 2425 2.
453 2382 632 2429 Pastor,
669 2381 835 2435 Apollo,
875 2383 941 2435 qui
975 2394 1097 2436 pecus
1127 2381 1280 2423 Admeti
1309 2381 1349 2423 in
1384 2381 1586 2422 Thessalia
1623 2382 1738 2435 pavit.
1796 2381 1953 2430 Pastor,
1996 2380 2062 2431 qui
2100 2379 2290 2420 Admeto

123 2441 301 2480 serviens
331 2451 452 2493 pecus
482 2440 606 2492 pavit,
636 2438 675 2478 id
706 2442 768 2478 est
796 2438 950 2491 Apollo.
984 2463 1032 2468 —-
1064 2435 1318 2491 Arrtplzryso,
1347 2436 1596 2490 Amphrysus
1626 2437 1765 2477 fluvius
1798 2436 2047 2486 Thessaliae,
2086 2440 2129 2476 ut
2156 2438 2269 2474 Ium-

124 2507 215 2534 mus
253 2494 365 2545 dicit,
405 2494 467 2535 vel
509 2505 645 2544 monS,
685 2493 752 2534 ubi
787 2492 930 2546 Apollo
968 2505 1039 2546 per
1073 2505 1238 2546 poenam
1269 2492 1411 2534 colitur
1446 2497 1486 2533 et
1512 2495 1622 2534 iuxta
1662 2503 1779 2544 quem
1820 2491 2024 2545 spoliatus>
2046 2490 2269 2541 [divinitate

123 2548 281 2591 Admeti
310 2554 486 2595 armenta
515 2550 651 2601 pavit].

258 2605 324 2645 Vs.
354 2604 394 2646 3.
457 2602 628 2648 Cetera,
666 2603 705 2644 id
734 2607 796 2644 est
833 2602 1010 2654 fabulae,
1053 2615 1156 2655 quae
1195 2602 1443 2644 delectationi
1472 2614 1563 2644 esse
1591 2607 1802 2655 potuerunt
1831 2606 1870 2642 et
1897 2612 2090 2655 occupare
2118 2603 2269 2640 mentes

125 2658 229 2700 curis
257 2662 486 2708 vacuas03).
518 2681 572 2687 —
606 2656 798 2697 Carmina
829 2663 1043 2710 poetarum.

258 2714 326 2755 Vs.
355 2713 395 2759 4.
451 2713 712 2767 Eurysthea,
742 2713 988 2766 Eurystheus
1011 2726 1094 2763 rex,
1125 2713 1258 2753 Persei
1276 2725 1425 2767 genus,
1457 2714 1523 2766 qui
1543 2712 1700 2755 lunonis
1717 2712 1904 2753 instinctu
1932 2709 2146 2764 imperabat
2162 2709 2270 2749 Her-

125 2769 203 2810 culi
231 2770 360 2811 omnia
390 2774 564 2811 monstra
593 2768 796 2817 occidere,
837 2768 977 2822 quibus
1006 2772 1143 2822 posset
1169 2768 1320 2822 perire,
1350 2769 1456 2810 unde
1485 2780 1574 2809 eum
1604 2767 1746 2810 durum
1774 2767 2001 2821 appellavit,
2041 2764 2108 2817 qui
2142 2763 2268 2817 potuit

259 2903 311 2945 5⁰)
344 2902 608 2937 luctacione.
665 2902 717 2945 ⁵1)
751 2907 909 2946 apotes
943 2912 1029 2946 pes.
1084 2901 1136 2943 52)
1169 2905 1442 2944 potespame.
1488 2900 1540 2942 5³)
1571 2899 1737 2934 Trusci.
1786 2900 1838 2942 54)
1874 2899 2025 2932 fuerit.
2073 2897 2125 2937 55)
2160 2906 2265 2930 con-

125 2953 254 2983 strat.
300 2949 353 2992 56)
378 2958 566 2981 romeae.
614 2948 666 2990 57)
691 2949 938 2982 esculinns.
986 2947 1037 2989 58)
1056 2947 1215 2991 epulas
1241 2957 1291 2980 eo
1316 2946 1431 2991 quod
1456 2946 1702 2980 funderint.
1748 2946 1800 2987 59)
1833 2955 1937 2979 aure
1969 2954 2057 2977 aus.
2106 2942 2156 2984 60]
2184 2952 2263 2985 pa-

54 3036 57 3038 ,
124 2994 385 3030 scebantur.
432 2994 483 3035 61)
523 3004 678 3028 ornam.
727 2995 780 3037 62)
813 2993 865 3028 Ab
889 2994 961 3028 aliis
985 2993 1097 3027 Palilia
1129 2994 1334 3028 nominantur
1360 2997 1393 3026 et
1427 2992 1481 3026 XI.
1515 2991 1652 3027 Calend.
1687 2991 1792 3026 Maial.
1819 2990 1982 3025 celebrata
2006 2999 2081 3024 esse
2107 2988 2264 3022 dicuntur.

124 3041 175 3085 Β)
201 3041 323 3081 curis,
343 3041 504 3086 gracie.
