2430 3177
1236 112 1304 163 32

314 253 381 293 Vs.
413 250 479 291 25.
542 247 733 289 Carmina
763 246 896 290 vobis,
935 245 1047 287 deest
1087 245 1201 289 dabo.
1237 270 1294 276 -——
1333 245 1546 296 Carmina,
1578 258 1682 299 quae
1711 245 1861 292 vultis,
1893 249 2148 301 coynoscr'te,
2180 253 2338 304 propter

186 322 287 362 quae
317 307 505 361 alligastis
537 305 727 352 carmina,
761 302 909 342 discite.
1753 315 1759 316 ν

316 364 380 401 Vs.
412 359 475 402 26.
538 359 730 398 Carmina
760 356 898 408 vobis,
929 356 1026 394 huic
1056 356 1176 396 aliud
1204 357 1404 396 mercedis
1436 357 1539 408 erit,
1567 368 1639 397 vos
1670 356 1826 409 quidem
1857 359 2040 409 carmina,
2073 359 2213 399 mulier
2239 371 2336 401 vero

185 421 310 472 capiet
341 429 411 470 pro
442 428 514 456 suo
544 427 642 454 sexu
672 424 846 452 munera.
904 412 1154 452 Venerat-iam
1185 414 1423 453 volunt-atem
1453 412 1666 466 significat3
1707 412 1769 451 vel
1805 413 2017 466 allegorice
2052 414 2142 454 huic
2171 414 2336 468 Aeglae,

184 476 222 514 id
254 479 312 513 est
350 473 497 511 Romae
535 469 598 508 vel
634 468 827 508 Mantuae.
871 490 922 495 —-
962 465 1096 511 Huic,
1135 468 1174 507 id
1195 473 1255 508 est
1293 468 1488 507 mulieri.·
1525 467 1640 506 Huic
1677 467 1795 506 aliud
1831 469 2027 507 mercedis
2067 469 2157 508 erit.
2216 469 2256 510 Si
2287 469 2337 508 de

182 528 358 580 Nympha
394 526 455 565 vel
484 526 609 564 amica
638 523 750 572 dicit,
791 527 966 575 stuprum
996 523 1199 576 intellege,
1229 524 1262 562 si
1290 523 1339 563 de
1364 523 1486 562 Roma
1516 525 1734 576 georgicon
1761 535 1938 573 carmen,
1978 522 2042 563 vel
2070 524 2143 564 erit
2171 522 2336 564 dicendo

181 597 250 636 per
279 582 464 633 syllepsin
495 580 609 619 etiam
641 579 842 631 superiora
873 578 1075 617 conclusit.
1139 577 1272 616 Simul
1301 578 1456 628 incipit
1485 579 1598 629 ipse3
1637 579 1742 630 ipse,
1774 578 1943 619 Silenus.
2000 578 2209 633 Eleganter
2236 590 2334 631 per-v

182 642 347 684 severat,
378 641 421 676 ut
452 635 645 684 describat
674 637 867 672 amantem
898 645 1045 672 senem.
1077 657 1130 662 ——
1163 631 1309 684 Aliud,
1337 634 1361 672 i.
1383 646 1416 672 e.
1448 634 1648 686 georgica.

315 693 379 731 Vs.
415 689 478 731 27.
542 688 640 727 Tum
672 701 781 732 vera,
810 700 977 740 persona
1009 690 1178 728 cantoris
1211 688 1314 728 dicit.
1378 686 1478 725 Tum
1508 701 1615 726 vero.
1673 688 1784 729 Nunc
1812 689 1918 728 venit
1947 687 1996 727 ad
2017 680 2333 728 modulationem.

187 748 286 787 Tum
319 760 410 785 vero
442 746 491 785 ad
520 751 666 785 certam
697 743 1013 783 modulationem.
1074 742 1263 795 Faunos,
1294 743 1389 783 deos
1420 744 1650 795 pastorales,
1682 743 1743 782 vel
1773 743 1950 783 homines
1982 743 2199 793 silvestres,
2229 742 2333 784 alle-

181 806 316 858 gorice
346 801 571 853 discipulos.
605 821 654 827 -
689 797 735 835 Ιιι
765 811 982 849 numerum,
1013 797 1239 838 adverbium
1267 803 1339 849 est,
1370 799 1432 838 vel
1461 810 1531 851 pro
1560 799 1600 837 in
1627 809 1828 849 numerOS,
1858 797 1920 838 vel
1950 798 1989 837 in
2008 809 2194 838 versuum
2216 808 2334 837 men-

182 872 326 906 suram,
358 858 441 896 sive
469 856 518 895 ad
548 860 693 894 certam
724 852 1040 893 modulationem.

312 913 378 951 Vs.
408 909 472 951 28.
538 908 636 947 'I'um
674 907 861 959 riyidas,
905 907 1149 947 inflexibiles.
1214 907 1404 960 Motare,
1447 920 1621 948 movere.
1685 907 1853 947 fllotare
1891 908 2104 945 eacumina
2147 919 2335 960 quercus,

178 970 202 1009 i.
227 982 259 1008 e.
289 972 458 1007 motatae
480 970 570 1005 sunt
590 964 724 1003 silvae.
738 985 787 992 -—
817 961 915 1000 Tum
935 962 1097 1013 riqiclas
1119 969 1156 1003 et
1175 964 1336 1016 reliqua.
1376 963 1601 1017 Allegorice
1618 963 1713 1015 vult,
1745 963 1875 1003 omnia
1894 962 1992 1003 dura
2012 962 2332 1012 mollescere31‘)

180 1025 240 1064 vel
271 1023 478 1062 Caesarem
508 1025 546 1059 et
576 1018 776 1059 consulem
807 1018 1003 1069 intellege.

311 1078 376 1115 Vs.
409 1074 474 1115 29.
533 1072 624 1111 Nec
655 1077 812 1110 tantum
843 1078 879 1111 et
909 1069 1079 1123 reliqua,
1121 1078 1307 1124 quantum
1334 1073 1433 1114 haec
1461 1073 1548 1114 loca
1578 1073 1767 1113 mirantur
1797 1072 1915 1114 Sileni
1947 1077 2114 1113 cantum.
2144 1094 2198 1102 -
2227 1070 2331 1111 Par-

176 1135 309 1184 nasia,
340 1132 546 1177 Parnasus,
578 1138 692 1167 mons
722 1127 908 1166 Boeotiae
939 1128 1000 1165 vel
1028 1127 1254 1166 Thessaliae
1278 1129 1447 1179 Apollini
1476 1134 1514 1167 et
1543 1128 1681 1167 Libero
1712 1133 1980 1168 consecratus.

309 1188 375 1225 Vs.
407 1183 472 1225 30.
532 1182 756 1232 Rhodope,
786 1193 898 1220 mons
919 1181 1119 1230 Thraciae,
1150 1182 1212 1220 vel
1241 1193 1352 1220 mons
1384 1183 1422 1220 in
1441 1182 1670 1221 Macedonia
1688 1182 1856 1234 Apollini
1884 1187 2153 1233 consecratus,
2183 1182 2332 1223 habens

177 1244 254 1283 duo
284 1240 561 1294 promontoria,
593 1237 756 1288 Cyrram
783 1236 964 1286 Apollini,
997 1236 1133 1275 Misam
1163 1235 1300 1275 Libero
1330 1237 1428 1287 patri
1455 1236 1728 1285 [consecrata].
1750 1259 1803 1266 —·
1836 1236 2046 1287 Rhodope
2074 1242 2113 1276 et
2142 1236 2330 1288 Ismarus,

177 1303 327 1338 montes
361 1295 560 1339 Thraciae,
591 1292 653 1331 vel
683 1291 852 1330 Ismarus
884 1302 997 1330 mons
1026 1290 1290 1330 Macedoniae.
1354 1290 1546 1342 Orphea,
1575 1291 1824 1330 accusativus
1856 1291 2028 1331 Graecus
2058 1295 2131 1330 est.

308 1352 373 1390 Vs.
406 1347 470 1389 31.
533 1346 715 1398 Namque
747 1344 934 1383 canebat.
995 1345 1220 1386 Secundum
1249 1345 1530 1397 Epicureorum
1570 1350 1719 1385 sectam
1745 1357 1795 1384 ex
1824 1345 1958 1385 solidis
1989 1350 2028 1385 et
2055 1346 2196 1386 atomis
2226 1359 2330 1388 con-

175 1415 280 1449 stare
319 1405 470 1446 caelum
509 1409 546 1442 et
584 1403 797 1454 periturum
828 1405 948 1451 putat.
1009 1399 1134 1438 Inane
1145 1429 1158 1451 ,
1198 1400 1303 1451 quod
1333 1405 1471 1453 putant
1498 1399 1632 1440 mundi
1661 1401 1875 1441 materiam.
1939 1398 2122 1452 Coacta,
2151 1401 2328 1453 collecta,

174 1464 392 1504 coniuncta.
425 1482 476 1487 --
505 1456 692 1508 Namque
722 1454 908 1494 canebat.
949 1455 1099 1496 Indueit
1128 1460 1244 1507 poeta
1274 1455 1447 1496 Silenum
1477 1468 1545 1506 ea,
1576 1467 1678 1507 quae
1707 1455 1753 1494 ab
1785 1456 1867 1495 aliis
1896 1456 2132 1508 investigata
2160 1456 2327 1508 fuerant,

173 1521 426 1563 tractantem,
468 1526 588 1564 seque
617 1512 789 1552 Silenum
819 1510 941 1550 videri
972 1512 1064 1551 vult.
1096 1534 1149 1540 —
1178 1509 1264 1548 Per
1292 1511 1437 1562 inane,
1467 1511 1531 1551 vel
1560 1510 1685 1564 chaos
1710 1523 1906 1564 magnum·
1926 1511 2030 1560 dicit,
2061 1511 2167 1562 quod
2195 1512 2328 1564 philo-

174 1573 285 1625 sophi
306 1571 438 1611 dicunt
459 1581 548 1608 esse
569 1568 766 1606 materiam
788 1567 960 1605 omnium
979 1579 1124 1615 rerum,
1156 1567 1193 1605 in
1215 1578 1292 1617 quo
1311 1568 1443 1606 omnia
1463 1565 1800 1618 confusionem¹⁷)
1823 1566 2018 1607 habebant
2035 1571 2076 1606 et
2096 1567 2182 1605 sine
2200 1567 2329 1608 forma

174 1632 303 1676 erant,
335 1625 410 1664 hoc
441 1630 501 1663 est
528 1627 681 1671 aerem,
713 1633 876 1671 aquam,
907 1623 1060 1673 ignem,
1091 1626 1247 1670 terram,
1273 1626 1465 1672 ‘quattuor
1490 1622 1684 1660 elementa
1715 1627 1894 1671 naturae,
1912 1625 1966 1669 ¹⁸)
1997 1621 2037 1660 id
2066 1625 2127 1660 est
2155 1620 2328 1662 omnium

172 1694 300 1725 rerum
332 1680 546 1726 materiam,
580 1678 668 1728 quia
696 1676 820 1726 ipsam
848 1676 886 1714 in
915 1677 1130 1715 seminibus
1161 1687 1251 1715 esse
1273 1676 1451 1716 adfirmat
1477 1688 1529 1714 ex
1556 1676 1697 1715 atomis
1708 1688 1719 1723 3
1755 1676 1969 1728 Epicureus
2001 1676 2102 1715 enim
2131 1675 2216 1715 fuit.

306 1736 371 1774 Vs.
401 1732 466 1774 32.
530 1732 712 1781 Semina,
741 1731 933 1780 alimenta,
965 1731 1028 1769 vel
1057 1731 1188 1771 atomi.
1245 1729 1430 1780 Animae,
1460 1731 1574 1769 aeris.
1632 1729 1853 1771 Artificiose
1882 1731 2113 1782 sapientium
2142 1730 2326 1785 dogmata

171 1808 240 1849 per
267 1802 475 1845 personam
506 1790 615 1840 pueri
644 1790 839 1826 retractat.
862 1789 915 1834 ι9)
977 1784 1125 1837 Maris,
1154 1798 1291 1837 aquae.
1320 1808 1362 1814 -
1403 1783 1618 1823 Terrarum
1647 1786 1887 1837 animaeque
1916 1786 2118 1837 marisque
2144 1785 2326 1835 fuissent

172 1858 210 1891 vt
240 1846 394 1900 liquidi
424 1843 544 1882 simul
574 1843 697 1894 iynis.
767 1841 961 1888 Quattuor
999 1842 1191 1880 elementa
1231 1841 1322 1881 dicit
1359 1853 1408 1880 ex
1437 1841 1577 1881 atomis
1606 1841 1769 1880 collecta
1804 1845 1843 1880 et
1882 1842 2112 1888 coniuncta,
2150 1841 2224 1881 sed
2261 1843 2326 1882 alii

171 1908 370 1948 Oceanum
398 1900 534 1939 volunt
563 1903 711 1951 patrem
742 1907 831 1937 esse
860 1908 991 1935 rerum
1022 1897 1208 1936 omnium.

304 1957 369 1994 Vs.
397 1953 463 1995 33.
522 1952 717 2005 Liquidi,
758 1954 782 1992 i.
804 1963 836 1990 e.
867 1952 965 2003 puri.
1024 1949 1201 2003 Liquidi
1230 1951 1364 2002 tynis,
1395 1951 1566 2003 speciem
1596 1950 1713 2000 caeli,
1745 1962 1847 2002 quae
1874 1951 1914 1990 in
1942 1950 2135 1990 sideribus
2165 1955 2238 1991 est.
2269 1974 2322 1981 --

177 2009 232 2048 Ut
261 2009 323 2048 lu‘s
354 2009 531 2048 exordia
558 2009 728 2059 primis3
765 2008 827 2047 hic
856 2006 1093 2058 anastrophe
1123 2006 1284 2046 exordia
1314 2007 1523 2058 principia,
1564 2006 1625 2045 vel
1652 2005 1784 2046 uthis
1812 2005 1973 2046 exordia
2001 2006 2158 2058 primis,
2187 2006 2321 2059 primis

168 2066 380 2118 principiis,
408 2077 487 2104 non
517 2077 566 2104 ex
598 2063 656 2102 liis
689 2065 818 2102 omnia
847 2062 1062 2113 principiis,
1094 2074 1141 2100 ex
1172 2062 1311 2112 quibus
1342 2062 1471 2101 omnia
1505 2065 1608 2100 sunt.

303 2121 368 2160 Vs.
400 2117 465 2160 34.
531 2118 684 2169 Tener,
720 2129 857 2157 recens
894 2122 1020 2156 natus.
1089 2116 1242 2154 Mavult
1283 2117 1534 2154 concreverit
1575 2114 1698 2156 orbis.
1766 2115 1974 2157 Saeculum
2017 2116 2104 2156 sine
2144 2117 2319 2158 materia.

168 2176 243 2215 Alii
271 2175 405 2215 dicunt
444 2176 572 2214 omnia
607 2174 792 2226 imprimis
834 2184 884 2211 ex
923 2184 1022 2223 aqua
1063 2177 1099 2211 et
1136 2173 1217 2224 igni
1257 2172 1400 2221 creari,
1443 2170 1506 2210 alii
1535 2183 1585 2210 ex
1616 2170 1793 2221 Oceano,
1833 2175 1944 2223 patre
1964 2173 2020 2219 ²⁰)
2051 2172 2236 2211 omnium.
2265 2193 2320 2200 —

174 2229 439 2269 Cone-reverit
470 2227 596 2272 orbis,
629 2227 888 2281 conglobatus
919 2228 968 2266 sit
997 2231 1078 2276 aer,
1108 2227 1297 2266 submotis
1329 2226 1495 2266 nubibus
1527 2231 1565 2265 et
1593 2226 1632 2264 in
1661 2226 1782 2265 altum
1812 2226 2028 2266 collocatis.

300 2286 365 2325 Vs.
397 2283 462 2326 35.
521 2283 708 2334 Durare,
744 2295 812 2334 pro
844 2281 1056 2321 durescere
1084 2283 1233 2331 solum,
1273 2282 1343 2321 sed
1380 2281 1518 2321 melius
1557 2282 1791 2321 nominativo
1830 2280 2025 2332 legi[tur],
2062 2280 2123 2320 vel
2161 2280 2316 2330 durare,

169 2339 307 2380 durum
336 2341 430 2380 fieri.
495 2338 638 2377 Solum
667 2344 806 2378 terrae.
841 2359 889 2364 —-
921 2334 1198 2382 Dis-eludere,
1239 2342 1382 2375 terram
1413 2347 1435 2375 a
1465 2336 1562 2376 mari
1591 2347 1788 2388 separare.
1844 2334 2004 2383 Nerea,
2029 2335 2226 2386 animalia,
2255 2336 2318 2376 vel

169 2394 265 2434 deus
296 2397 424 2443 maris,
457 2400 499 2435 ut
528 2399 675 2446 putant,
706 2393 767 2433 vel
797 2391 919 2431 Nerea
951 2391 1043 2440 dea,
1075 2391 1151 2430 tilia
1181 2391 1359 2441 Neptuni.

299 2450 364 2488 Vs.
394 2447 457 2490 36.
521 2448 730 2503 Coeperit,
761 2448 958 2499 proprium
989 2451 1132 2486 statum
1162 2447 1352 2497 accipere.
1412 2445 1517 2486 Haec
1545 2446 1675 2485 omnia
1705 2445 1755 2485 de
1781 2446 1888 2486 initio
1917 2457 2049 2485 rerum
2079 2445 2152 2486 sub
2181 2445 2313 2486 Sileno

167 2503 321 2544 indicat.
355 2526 405 2531 -—
442 2503 604 2542 Sumere
633 2507 801 2556 formas,
831 2503 982 2554 species
1012 2503 1152 2541 varias.

299 2560 365 2598 Vs.
396 2557 461 2599 37.
522 2558 684 2610 Iamque
714 2571 872 2600 run-um,
895 2560 950 2605 ²¹)
982 2562 1072 2596 ante
1095 2568 1177 2595 ¹non
1208 2558 1346 2605 visum,
1379 2555 1416 2595 id
1446 2560 1505 2594 est
1535 2555 1742 2608 anaphora.
1818 2553 1967 2593 Terrae
1996 2558 2207 2606 stupeant,
2235 2553 2312 2594 hoc

166 2618 225 2653 est
254 2614 446 2661 homines,
477 2615 540 2665 qui
572 2615 610 2652 in
640 2614 751 2652 terris
778 2618 880 2651 suut.
913 2635 963 2642 -
998 2611 1088 2655 Sol,
1121 2612 1255 2651 stellae
1284 2612 1384 2660 luna,
1415 2610 1583 2662 fulgura.
2271 2653 2275 2655 λ

296 2670 361 2707 Vs.
392 2666 456 2710 38.
515 2666 654 2705 Altius
685 2674 720 2707 ct
750 2669 911 2718 reliqua.
958 2667 1115 2707 Caelum
1146 2669 1259 2715 enim,
1290 2666 1400 2717 quasi
1429 2677 1531 2716 aqua
1559 2665 1776 2719 congelata,
1807 2669 1950 2705 estant
1971 2665 2149 2717 primitus
2168 2665 2309 2714 visum,

165 2729 232 2763 aut
262 2729 350 2763 autc
380 2736 458 2763 non
488 2725 628 2762 visum.
663 2746 709 2750 -—
747 2722 980 2774 Summotis,
1011 2734 1168 2761 sursum
1200 2722 1325 2761 motis.

298 2779 362 2817 Vs.
393 2776 456 2819 39.
520 2777 710 2829 Saryere,
739 2789 927 2826 crescere,
961 2783 1001 2817 ut
1029 2777 1101 2816 ibi:
1134 2781 1360 2830 surgentem
1391 2776 1428 2814 in
1460 2787 1606 2815 cornua
1637 2787 1809 2815 cervum.
1869 2787 2051 2815 luximus
2081 2773 2185 2815 dicit.

299 2834 362 2873 vs.
394 2832 459 2873 40.
522 2832 655 2879 Rara,
686 2833 850 2883 primum
881 2831 993 2871 facta.

297 3029 344 3070 18)
379 3027 478 3061 Cod.:
514 3029 774 3061 molliscere.
833 3028 881 3070 17)
917 3027 1021 3062 Cod.:
1054 3028 1330 3062 confusione.
1387 3027 1435 3069 18)
1470 3026 1572 3061 Cod.:
1605 3031 1757 3059 natura
1789 3035 1906 3059 meae
1936 3023 1979 3057 id
2003 3028 2080 3057 est.
2128 3022 2179 3065 19)
2204 3021 2309 3057 Cod.:

162 3080 419 3108 retractant.
466 3075 517 3116 20)
546 3074 645 3108 Cod.:
672 3080 815 3107 matre.
865 3074 916 3116 21)
946 3074 1028 3108 Cod.
1055 3085 1178 3107 novo.
