2430 3177
1188 107 1248 153 18

1096 172 1359 189 Μ

154 255 342 288 memora,
374 240 567 295 expositio
596 237 795 289 materiae,
827 239 890 276 ut:
919 246 1010 274 vere
1038 247 1146 273 novo
1175 233 1341 286 yelidus
1372 233 1486 273 canis
1524 247 1604 287 qvco
1635 232 1839 273 montibus
1869 233 2022 274 humor.
2087 234 2302 287 Hucusque

155 301 220 341 hic
247 302 447 340 tractatur.
504 295 547 335 In
577 293 774 347 georgicis
801 295 917 344 poeta
946 290 1055 331 solus
1084 290 1258 341 loquitur
1277 292 1359 341 ²⁷),
1387 290 1428 330 in
1457 290 1657 344 georgicis
1689 289 1857 330 ethicam
1887 295 2032 341 narrat,
2062 290 2102 330 in
2132 290 2302 344 georgi·-

157 356 214 396 eis
254 357 438 407 operatur
457 353 531 400 28),
570 350 611 390 in
654 347 855 402 georgicis
892 345 1064 386 medium
1103 345 1323 396 eloquium,
1363 345 1404 385 in
1440 345 1638 398 georgicis
1678 345 1756 385 vita
1793 344 2066 396 prudentium,
2113 345 2304 399 georgica

158 409 360 463 septennio
390 406 567 459 scripsit,
606 403 794 457 georgica
821 401 1028 443 Maecenas
1056 400 1290 454 postulavit,
1330 401 1517 454 georgica
1547 399 1701 440 duobus
1732 399 1858 440 modis
1879 402 1936 448 2ς’)
1967 401 2145 453 scripsit,
2180 411 2304 452 prae-

158 469 270 517 cepto
301 461 472 503 doctoris
508 465 545 500 et
574 470 744 513 persona
785 457 964 509 discipuli
1001 455 1255 509 requirentis,
1292 455 1332 495 in
1360 455 1559 509 georgicis
1596 459 1766 509 angusta
1801 454 1974 496 dilatavit
1993 456 2064 504 ³⁰).
2119 457 2305 494 Iummus

160 520 253 562 dicit
272 521 301 544 ³¹
333 547 341 555 ·
496 558 500 559 γ

288 518 356 612 ἐς.
390 570 428 612 1.
491 569 605 615 Quid
639 568 779 620 faciat
816 567 947 606 laetas
985 570 1146 618 seyetes
1185 569 1225 605 et
1261 565 1424 618 reliqua.
1489 564 1533 605 In
1569 564 1629 605 his
1667 569 1852 617 quattuor
1889 564 2071 605 versibus
2116 567 2302 617 quattuor

160 639 347 682 agrorum
378 630 470 667 sunt
496 637 656 678 genera,
687 623 780 676 quid
803 623 921 663 faciat
940 633 1057 662 arvus
1077 625 1224 671 vester,
1255 622 1445 672 consitus,
1477 620 1682 661 conveniat
1700 631 1886 672 pascuus,
1913 619 1963 660 sit
1981 619 2307 673 pecoriflorens.

165 683 278 730 Quid
305 683 444 734 faciat
474 680 607 719 laetas
639 683 822 731 segetes,
851 690 954 729 quae
983 688 1048 717 res
1078 680 1205 716 terras
1234 677 1400 729 pingues
1433 675 1598 726 efficiat,
1629 687 1721 715 nam
1750 680 1928 729 segetem
1958 674 2075 715 mode
2102 686 2174 727 pro
2202 678 2309 714 terra

160 740 291 793 posuit
320 743 382 778 ut:
413 736 614 775 horrescit
642 747 758 786 sesses
790 731 965 771 ensibus.
1004 735 1186 771 lummns
1218 731 1321 771 dicit.
1361 731 1473 771 Alius
1505 730 1615 770 dicit:
1647 729 1771 783 Seges
1801 742 1881 770 non
1902 730 2060 770 omnino
2090 741 2161 782 pro
2190 734 2310 779 terra,

161 794 233 835 sed
263 805 351 834 curn
382 792 572 832 fructibus
603 791 782 842 accipere
812 788 1000 828 debemus
1033 792 1072 827 et
1098 787 1212 827 nobis
1241 786 1346 826 idem
1375 786 1539 826 dixisset
1566 785 1764 826 subiciens
1797 796 1875 836 quo
1908 784 2039 824 sidere
2066 789 2233 834 terram3
2273 787 2314 824 et

164 850 267 891 idem
296 847 408 888 dicit:
446 847 527 887 Nec
555 857 651 887 sane
680 849 838 897 segetes
868 843 1093 895 simpliciter
1131 853 1202 893 pro
1231 845 1337 881 terra
1367 845 1589 893 ponuntur,
1621 839 1693 880 sed
1724 851 1796 892 pro
1826 843 1933 879 terra
1963 843 2083 890 arata,
2115 844 2159 879 ut
2185 839 2311 880 Varro

160 916 291 946 rerum
320 903 555 943 rusticarum
583 901 708 954 primo
736 899 855 939 libro:
881 902 1011 949 prata
1035 896 1240 948 paryarz',
1274 894 1427 934 salicta
1446 898 1502 944 ³²)
1532 895 1637 938 seri,
1677 898 1837 946 seyetes
1869 894 1981 932 arari
2010 894 2217 934 convenit.
2257 915 2312 924 -

166 958 281 1005 Quid
318 958 469 1009 faciat.
535 955 728 1005 Praefatio
763 955 801 993 in
838 953 899 993 his
938 957 1122 1005 quattuor
1158 951 1337 992 versibus
1377 951 1545 1001 indicat,
1584 949 1680 1002 quid
1715 951 1756 989 in
1792 949 1852 989 his
1881 949 1989 989 libris
2033 949 2333 1003 georgicorum¹

163 1015 377 1067 scripturus
408 1013 469 1053 sit.
537 1009 691 1049 Laetas
729 1013 911 1061 seyetes,
953 1009 1118 1061 pingues
1146 1011 1293 1057 terras,
1335 1018 1428 1046 nam
1456 1005 1595 1054 fimus,
1636 1005 1703 1057 qui
1737 1017 1807 1058 per
1836 1016 1956 1058 agros
1986 1003 2150 1055 iacitur,
2189 1003 2312 1057 vulgo

163 1070 365 1109 laetamen
395 1067 546 1108 dicitur.
609 1065 700 1112 Quo
731 1065 871 1105 sideris
901 1068 991 1104 ortu
1018 1063 1083 1103 vel
1110 1073 1257 1102 occasu
1285 1061 1325 1102 id
1355 1066 1415 1101 est
1444 1073 1523 1112 quo
1552 1065 1743 1113 tempore,
1774 1071 1824 1100 ex
1853 1059 2047 1100 sideribus
2077 1059 2181 1100 enim
2207 1063 2315 1100 tem-

163 1137 260 1180 pora
290 1124 527 1177 colliguntur
537 1136 548 1172 ;
574 1121 639 1162 hic
667 1120 896 1173 metaphora
915 1121 971 1166 ³³)
1005 1131 1056 1158 ex
1084 1117 1239 1157 animali
1264 1116 1313 1157 ad
1342 1116 1520 1156 animale.

298 1180 366 1219 Vs.
396 1177 435 1220 2.
504 1177 691 1224 Vertere,
729 1188 854 1216 arare.
923 1172 1146 1212 Maecenas
1178 1171 1402 1223 praefectus
1433 1171 1630 1223 praetorio
1660 1169 1754 1220 fuit,
1785 1169 1836 1209 ad
1865 1182 1982 1222 quem
2009 1169 2104 1210 fecit
2131 1168 2317 1223 Virgilius

166 1235 357 1290 georgica
385 1239 427 1274 ut
455 1232 652 1273 Hesiodus
672 1233 728 1280 34)
760 1230 809 1271 ad
837 1230 995 1270 Persen.
1055 1229 1211 1266 Genus
1243 1227 1346 1267 dicit.
1414 1226 1564 1269 Ulmis,
1602 1225 1697 1266 ulmi
1727 1224 1889 1266 arbores
1919 1229 2012 1265 sunt
2037 1225 2079 1264 in
2105 1223 2240 1277 Italia,
2277 1224 2318 1264 in

168 1291 309 1344 quibus
339 1289 438 1329 vites
469 1288 584 1329 altius
616 1287 829 1336 elevantur,
858 1290 901 1326 ut
929 1283 971 1323 fit
1001 1283 1190 1337 optimum
1219 1282 1365 1322 vinum.
1424 1283 1697 1320 Gxunnmms.
2306 1298 2309 1299 ν

299 1345 364 1384 Vs.
397 1341 436 1384 3.
494 1341 663 1381 Bonum
691 1353 762 1395 pro
794 1340 900 1380 omni
926 1350 1093 1392 pecore,
1123 1342 1167 1379 ut
1196 1337 1322 1377 maius
1353 1336 1496 1378 animal
1525 1335 1739 1376 minoribus
1768 1346 1848 1375 non
1877 1338 2105 1388 separetur,
2135 1333 2240 1375 sicut
2268 1332 2319 1374 de

166 1400 390 1441 hominibus
417 1398 511 1438 facit
541 1398 698 1438 dicens:
729 1395 946 1448 relliquias
975 1393 1182 1433 hominum
1209 1397 1335 1444 atque
1364 1392 1521 1430 inmitis
1551 1388 1744 1429 Achillis.
1805 1391 1961 1429 GALLUS
1991 1389 2095 1430 dicit.
2159 1387 2318 1433 Cultus,

170 1456 327 1496 habitus
355 1454 572 1504 hominum,
604 1453 757 1492 cultura
787 1462 987 1504 agrorum.
1044 1446 1268 1492 Habendo,
1300 1447 1393 1488 dum
1420 1447 1653 1487 habeantur.
1675 1467 1728 1474 —
1755 1443 1901 1484 Cultus
1928 1456 1999 1497 pro
2032 1444 2196 1496 cultura,
2227 1443 2320 1485 cul-

167 1516 257 1552 tura
277 1512 330 1557 ³⁵)
357 1510 473 1549 animi
506 1513 660 1549 constat
687 1508 924 1557 intentione,
966 1504 1093 1545 cultus
1123 1508 1253 1548 autem
1288 1503 1329 1543 in
1364 1503 1450 1556 ipsa
1470 1502 1599 1554 operis
1631 1500 1852 1554 diligentia,
1893 1512 1944 1541 ex
1972 1511 2020 1541 eo
2049 1499 2213 1541 verbum
2240 1499 2322 1540 mi-

171 1578 258 1607 rum
277 1567 334 1613 3ὃ)
364 1564 460 1604 illud
488 1565 528 1604 in
558 1562 883 1604 consuetudinem
911 1561 1102 1614 pervenit,
1133 1563 1176 1599 ut
1203 1570 1347 1612 pecora
1377 1558 1481 1599 culta
1511 1557 1705 1597 dicuntur.

303 1620 370 1660 Vs.
401 1617 440 1659 4.
497 1617 677 1668 Pecori,
716 1628 837 1669 pecus
877 1615 987 1668 quod
1011 1615 1164 1655 fructus
1201 1614 1327 1667 gratia
1356 1614 1496 1665 alitur,
1531 1626 1554 1653 a
1593 1624 1672 1663 quo
1713 1615 1752 1651 et
1786 1610 1965 1664 pecunia.
2023 1608 2324 1662 Experientia,

172 1676 323 1726 notitia,
354 1674 535 1722 scientia3
576 1673 816 1725 experientia
846 1676 956 1711 actus
985 1671 1065 1719 rei,
1104 1680 1181 1708 usu
1211 1673 1343 1709 natam
1373 1669 1591 1707 doctrinam
1609 1669 1666 1714 ⁸⁷)
1705 1666 1986 1717 experientiam
2025 1665 2164 1706 Cicero
2203 1665 2299 1705 dixit
2309 1677 2324 1716 3

171 1731 331 1786 proprie
360 1731 394 1770 si
425 1733 638 1781 quaeratur
667 1727 761 1767 nihil
790 1729 870 1776 est,
914 1724 985 1765 sed
1014 1723 1182 1775 imperiti
1221 1722 1280 1761 sic
1309 1722 1458 1773 solent,
1496 1726 1539 1762 ut
1578 1721 1626 1760 ab
1647 1722 1702 1769 3ὃ)
1741 1721 2008 1773 experimento
2045 1719 2326 1773 experientiam

177 1787 308 1828 dicant
338 1789 469 1825 actum
498 1784 571 1832 rei,
602 1782 912 1835 experimentum
941 1791 1025 1820 rem
1053 1779 1191 1832 ipsam.
1219 1796 1276 1805 -—
1303 1774 1466 1829 Apibus
1493 1776 1660 1828 parcis,
1692 1787 1786 1828 apes
1814 1775 2012 1828 parcendo
2042 1776 2124 1815 suis
2157 1774 2326 1816 dominis

175 1843 216 1883 id
246 1846 306 1882 est
335 1838 557 1893 colligendo
587 1848 681 1891 apes
711 1837 842 1876 aeriae
872 1835 950 1874 mel
979 1846 1134 1874 sacrum
1172 1843 1219 1872 eo
1255 1833 1361 1884 quod
1401 1844 1490 1872 cum
1519 1831 1691 1883 Iuppiter
1719 1831 1759 1870 in
1789 1829 1905 1870 Creta
1935 1830 2128 1870 celaretur
2155 1830 2196 1870 in
2226 1841 2326 1882 spe-

178 1898 314 1946 lunca,
357 1894 485 1936 cibum
525 1894 560 1934 ei
598 1892 836 1934 offerebant,
874 1889 1043 1942 ideoque
1081 1898 1148 1928 eas
1168 1890 1224 1937 ³⁹)
1262 1899 1425 1928 munere
1462 1887 1642 1936 donavit,
1686 1885 1772 1925 sine
1810 1885 1966 1925 Venere
2000 1885 2080 1925 mel
2115 1885 2326 1937 parturire.

179 1950 341 2003 Apibus
369 1950 532 2000 parcis,
564 1948 748 2000 quoniam
778 1945 872 2000 apes
902 1945 1121 1985 minutatim
1151 1942 1358 1984 conferunt
1388 1946 1426 1983 et
1456 1941 1663 1995 diligenter
1692 1939 1932 1982 custodiunt.
1989 1938 2154 1985 Parcis,
2182 1951 2327 1982 serva-

184 2007 342 2048 tricibus
361 2008 418 2054 4ξο)
449 2004 621 2056 frugum,
656 2003 746 2054 quia
775 2001 852 2041 mel
878 2000 1115 2040 custodiunt.

317 2061 382 2101 Vs.
414 2058 453 2100 5.
511 2058 732 2109 Incipiam,
761 2068 841 2097 non
869 2061 912 2096 ut
941 2053 1252 2105 mathematicUS,
1282 2064 1361 2093 non
1392 2051 1496 2092 enim
1527 2051 1575 2091 de
1595 2051 1731 2104 apibus
1760 2052 1800 2091 in
1829 2051 1953 2104 primo
1983 2050 2082 2091 libro
2111 2050 2329 2104 scripturus

186 2122 267 2167 est,
305 2116 375 2157 sed
405 2114 455 2155 de
484 2114 635 2167 oleagri
666 2113 816 2153 cultura
836 2114 907 2159 41).
977 2110 1080 2154 Vos,
1109 2109 1319 2150 invocatio.
1347 2130 1403 2136 —
1442 2106 1542 2151 VOS,
1574 2120 1598 2145 o
1627 2105 1857 2145 clarissima
1882 2107 2026 2146 mnudi
2054 2106 2222 2155 lumina,
2251 2105 2332 2157 [la-

186 2172 354 2221 bentem]
376 2171 435 2221 ⁴2)
476 2168 595 2207 caelo
636 2180 740 2221 quae
780 2166 937 2206 ducitis
975 2178 1145 2209 anmmz,
1182 2162 1307 2202 Liber
1335 2167 1374 2202 et
1405 2161 1511 2200 alma
1547 2159 1690 2206 Cer-m,
1723 2162 1941 2213 quaeritur,
1971 2173 2070 2214 quos
2100 2173 2205 2202 nunc
2234 2160 2332 2203 deos

185 2228 269 2268 istis
307 2226 529 2267 nominibus
570 2223 885 2278 significaverint.
953 2220 1118 2269 Quidam
1154 2219 1381 2272 simpliciter
1417 2217 1648 2271 intellegunt
1685 2216 1867 2258 Liberum
1906 2222 1945 2257 et
1985 2216 2191 2268 Cererem,
2230 2217 2332 2268 quos

186 2281 407 2335 philosophi
436 2281 570 2321 dicunt
598 2279 712 2331 quasi
749 2277 887 2318 oculos
924 2275 1081 2324 mundi3
1118 2287 1208 2314 nam
1238 2274 1420 2314 Liberum
1446 2274 1625 2322 invocat,
1666 2272 1773 2324 quod
1812 2272 1861 2312 de
1888 2271 2031 2313 vitibus
2062 2271 2239 2312 dicturus
2268 2271 2334 2323 sit,

194 2338 390 2386 Cererem,
422 2335 527 2388 quod
557 2335 606 2375 de
633 2333 826 2387 frugibus.
883 2334 1065 2371 IUNlLlUS
1096 2330 1200 2371 dicit.
1257 2328 1423 2377 Quidam
1451 2332 1583 2369 autem
1612 2327 1717 2367 hunc
1739 2327 1921 2367 Liberum
1949 2327 2074 2368 solem
2102 2327 2185 2367 vult
2211 2325 2334 2367 intel-

190 2393 290 2444 legi,
322 2391 428 2443 quod
456 2390 571 2430 Liber
602 2393 812 2442 evagetur,
844 2387 1028 2427 Cererem
1055 2385 1209 2436 lunam,
1241 2384 1348 2437 quod
1377 2387 1482 2425 creat
1508 2382 1682 2432 fructus3
1712 2394 1793 2423 non
1822 2383 1924 2429 enim
1953 2382 2064 2423 aliter
2090 2385 2258 2436 possunt
2274 2382 2333 2432 ⁴³)

192 2451 349 2499 segetes
379 2447 515 2498 vigere
531 2449 610 2495 ⁴¹⁴),
652 2445 729 2484 nisi
757 2443 901 2484 fuerint
929 2442 1069 2482 horum
1099 2440 1263 2481 deorum
1293 2439 1457 2480 eductae
1484 2438 1708 2479 ministeriis
1727 2441 1800 2488 4⁵).
1858 2439 2116 2477 GAunEN'rms
2146 2436 2254 2478 dicit.

326 2501 392 2541 Vs.
419 2500 458 2541 7.
518 2498 645 2539 Liber
675 2504 715 2538 et
742 2498 848 2537 alma
883 2495 1014 2537 Ceres.
1056 2496 1175 2538 Stoici
1196 2496 1330 2535 dicunt
1357 2506 1478 2536 unum
1499 2493 1628 2544 deum,
1659 2493 1732 2534 sed
1759 2504 1830 2547 pro
1849 2495 1906 2541 ¹²⁹)
1937 2494 2047 2533 vario
2067 2490 2198 2532 officio
2226 2491 2337 2534 varia

194 2556 352 2598 nomina
382 2555 583 2606 dicuntur,
624 2555 713 2608 quia
742 2554 804 2595 sol
832 2553 945 2593 Liber
971 2556 1082 2605 pater
1113 2555 1151 2591 et
1179 2550 1343 2604 Apollo,
1382 2550 1474 2590 luna
1503 2548 1755 2600 Proserpina3
1793 2547 2012 2588 secundum
2043 2545 2236 2599 quosdam
2264 2557 2337 2600 pro

197 2612 284 2652 sole
312 2610 515 2660 Liberum,
555 2622 625 2663 pro
655 2610 747 2650 luna
769 2608 961 2649 Cererem
991 2608 1169 2657 invocat,
1210 2617 1377 2658 quorum
1406 2616 1526 2645 cursu
1554 2607 1731 2656 tempora
1761 2607 2057 2656 computantur,
2095 2614 2167 2655 per
2203 2601 2337 2643 lunam

198 2677 377 2716 menses,
416 2677 488 2719 per
524 2666 648 2704 solem
676 2664 780 2705 anni.
859 2663 1026 2709 Vestro,
1068 2661 1252 2704 creando.
1315 2660 1386 2704 Si,
1426 2657 1640 2711 siquidem,
1682 2671 1774 2699 nam
1811 2657 2077 2700 confirmantis
2107 2661 2169 2697 est
2196 2656 2244 2697 si.
2280 2677 2337 2687 -

199 2719 320 2760 Alma
348 2721 396 2763 ab
426 2719 567 2761 alendo
594 2719 659 2760 hic
688 2724 810 2771 casta,
842 2719 937 2760 alias
956 2717 1133 2771 pulchra,
1162 2717 1260 2759 alias
1291 2715 1405 2759 altrix
1432 2712 1638 2768 signifieat.
1676 2712 1803 2753 Liber
1831 2713 1905 2765 sol,
1937 2711 2059 2754 Ceres
2087 2712 2193 2764 luna,
2215 2709 2337 2755 Liber

335 2891 387 2932 27)
413 2889 484 2923 Hoc
506 2888 686 2922 membrum
712 2889 744 2921 in
770 2887 807 2921 B.
834 2887 937 2921 deest.
984 2888 1036 2930 28)
1062 2887 1120 2921 B.:
1147 2891 1369 2930 operator.
1415 2885 1466 2926 29)
1493 2883 1576 2918 Cod.
1601 2889 1632 2916 et
1656 2883 1711 2916 B.:
1738 2883 1774 2916 11
1798 2882 1957 2916 modus.
1986 2880 2056 2922 ,30)
2083 2878 2186 2913 Cod.:
2211 2878 2340 2912 dela-

204 2939 324 2971 tavit.
372 2936 430 2970 B.:
455 2935 692 2969 delatavie.
752 2934 803 2976 31)
840 2933 908 2967 lloc
944 2934 1123 2967 membrum
1162 2933 1256 2966 deest
1291 2933 1323 2964 in
1360 2930 1398 2964 B.
1456 2930 1507 2972 32)
1545 2929 1648 2964 Cod.:
1673 2929 1851 2962 salicia.
1905 2928 1958 2970 33)
1983 2925 2085 2960 Cod.:
2109 2924 2340 2964 mesafora.

205 2984 255 3022 34)
283 2982 383 3016 Cod.:
409 2981 604 3025 Hesioq3.
649 2980 701 3021 35)
726 2978 830 3013 Cod.:
857 2978 1084 3012 culturam.
1131 2978 1182 3021 36)
1210 2977 1315 3011 Cod.:
1340 2977 1532 3010 mirrum.
1579 2975 1631 3018 37)
1658 2974 1760 3009 Cod.:
1784 2978 1887 3008 nata
1913 2973 2129 3007 doctrina.
2160 2970 2216 3013 38)
2237 2968 2340 3004 Cod.:

205 3028 271 3061 ob.
317 3029 369 3069 39)
396 3027 498 3061 Cod.:
524 3028 601 3059 eis.
649 3025 701 3068 4⁰)
726 3024 828 3060 Cod.:
854 3024 1142 3065 servati-aib3.
1190 3025 1239 3066 41)
1269 3023 1371 3057 Cod.:
1396 3022 1580 3055 culturo.
1628 3019 1802 3063 42),Deest
1821 3021 1856 3052 in
1873 3018 1948 3052 cod.
1993 3021 2045 3058 43)
2070 3015 2174 3051 Cod.:
2198 3015 2342 3051 alicus

208 3084 318 3117 poss.
373 3073 423 3114 44)
452 3071 554 3106 Cod.:
582 3074 736 3105 intere.
781 3071 834 3113 45)
861 3070 961 3105 Cod.:
988 3071 1176 3105 deorum.
1203 3068 1597 3103 dductemisteriis.
1645 3067 1697 3108 49)
1725 3065 1826 3100 Cod.:
1849 3074 1933 3109 per.
1958 3068 1960 3071 ’
