2430 3177
1152 109 1219 158 39

169 275 174 280 .
214 244 306 291 ,Vs.
337 238 413 288 24.
461 244 639 298 Arguta,
669 242 855 296 stridula,
874 241 1039 287 mobilis.
1098 236 1226 294 Pina,
1255 236 1392 286 forsan
1419 239 1476 285 dev
1495 244 1601 298 pinu,
1632 244 1694 285 vel
1721 244 1883 298 tropice.

108 301 136 355 ,U
184 344 199 350 „
241 297 308 341 Vs.
325 299 405 343 25.
432 299 848 354 ''Pastores,‘poetae
876 299 940 340 vel
968 298 1192 353 Nymphae,
1222 301 1261 341 id
1291 305 1352 341 est
1380 300 1528 342 Musae.
1587 299 1757 339 Hedera
1783 301 1888 340 circa
1915 302 2094 351 poetam,
2124 299 2258 340 laurus

108 346 212 398 circa
240 355 412 395 militem·
428 356 595 408 ponitur.
615 378 671 384 -—
695 353 960 397 Crescentem,
992 353 1124 396 dicere
1150 356 1398 408 incipientem
1429 359 1566 397 ornate
1593 361 1760 408 poetam.
1818 354 1880 393 De
1907 365 1952 394 se
1979 354 2065 407 ipso
2086 354 2258 405 Thyrsis.

240 411 306 450 Vs.
337 408 402 458 26.
460 408 667 454 Arcades,
706 409 754 449 de
781 407 963 461 Arcadia.
1031 409 1220 462 Invidia,
1257 423 1308 450 ex
1344 409 1501 450 invidia.
1534 432 1584 438 -
1625 410 1888 461 Rumpantur
1916 412 1964 447 ut
1993 408 2071 446 ilia
2104 407 2256 448 Codro.

106 464 296 518 Loquitur
324 464 400 505 hoc
429 465 604 517 Thyrsis,
633 465 673 504 id
702 467 763 504 est
792 462 981 503 Aemilius
1009 464 1154 515 Macer,
1185 470 1315 518 poeta,
1347 464 1396 504 de
1423 464 1599 517 Virgilio,
1630 464 1693 504 vel
1721 468 1967 516 rumpantur,
1992 463 2032 504 id
2063 468 2122 503 est
2153 462 2257 503 Cor-

104 520 258 570 jnificio,
298 519 361 559 vel
387 520 550 561 Maevio.
621 517 788 570 Codro,
823 518 900 558 hoc
929 520 1086 559 nomine
1110 525 1177 560 aut
1203 525 1424 572 pastorem,
1464 524 1532 559 aut
1559 523 1715 571 poetam
1745 523 2038 559 commemorat.
2102 516 2257 560 Codro,

106 573 332 629 Allegorice
361 575 521 627 Thyrsis
550 579 713 614 mortem
743 572 913 627 Augusti
941 574 1004 613 vel
1035 574 1183 628 Virgilii
1215 580 1334 628 optat.

104 632 108 635 ’
137 670 140 681 .
240 629 308 668 Vs.
338 628 405 671 27.
463 626 548 667 Aut
582 630 620 666 si
658 628 769 667 ultra
795 627 1002 678 placitum
1030 627 1239 675 laudarit,
1280 629 1454 668 baccare
1488 628 1670 678 frontem
1710 628 1877 680 cinyite.
1945 627 2045 675 Quia
2072 627 2260 680 putabant

105 683 287 724 laudibus
317 684 481 736 aliquem
510 683 706 733 fascinari,
737 684 1026 734 convenienter,
1048 687 1103 732 16)
1134 696 1185 724 ne
1212 685 1297 725 laus
1326 684 1458 724 futuro
1478 684 1556 723 vati
1582 683 1736 733 officiat,
1766 684 1932 724 baccare
1961 682 2064 734 cingi
2091 682 2257 730 iubetur,

101 782 103 785 r
134 751 209 801 uae
239 738 362 779 herba
389 738 539 778 fascino
571 739 758 778 resistere
786 750 905 790 posse
934 738 1152 789 putabatur.
1192 762 1244 768 ——
1289 738 1374 777 Aut
1411 740 1448 777 si
1476 737 1590 776 ultra
1622 737 1826 789 placitum
1856 736 2064 780 laudarit,
2102 737 2136 774 si
2170 736 2257 787 plus

115 793 335 844 amaverit,
364 804 480 844 quam
510 793 603 833 milii
630 793 832 845 placuerit,
864 792 926 833 vel
955 792 1116 845 Thyrsis
1148 793 1197 834 de
1226 805 1271 834 se
1300 794 1403 834 dicit.
1462 791 1672 845 Boccare,
1697 792 1831 843 herba,
1863 803 1964 844 quae
1993 790 2041 831 ob
2066 790 2258 829 fascinum

101 837 145 891 in
174 847 342 888 frontem
372 847 550 901 ligatur3·
578 859 628 887 ex
664 848 831 889 baccare
860 860 1048 888 coronam
1079 849 1272 899 moliatur,
1305 850 1338 889 si
1370 850 1457 900 quis
1488 853 1547 889 est
1574 849 1777 889 nociturus
1797 847 1969 901 ingenio.
1989 849 2044 894 17)
2092 843 2257 893 Quidam

103 906 240 955 putant
270 901 517 942 Cornificium
547 901 707 942 lividum
738 902 826 954 dici,
858 904 948 955 quia
978 903 1139 944 Cinnam
1170 915 1287 956 supra
1316 904 1499 945 laudavit.

237 956 303 997 Vs.
336 955 401 997 28.
466 955 660 1009 cingite,
689 970 739 998 ne
767 958 931 998 fascinet
960 959 1049 1008 vati,
1079 959 1118 999 id
1148 960 1211 998 est
1239 959 1343 1011 mihi,
1374 960 1435 999 vel
1461 958 1632 999 Antonio
1663 957 1885 1010 allegorice.
1945 953 2064 994 Mala
2094 953 2256 1006 hayna,

103 1011 313 1052 fascinosa.
342 1034 397 1041 —
426 1011 605 1060 Futuro,
636 1013 723 1064 quia
754 1025 903 1053 canam.
962 1013 1045 1052 Tibi
1073 1013 1191 1054 deest.
1217 1017 1270 1063 ¹⁸)

113 1115 115 1119 ι
237 1067 303 1107 νε.
335 1065 402 1107 29.
462 1066 629 1118 setosi,
665 1068 790 1120 pilosi.
847 1068 947 1108 Vota
985 1068 1079 1108 facit
1114 1069 1382 1109 convenientia
1411 1069 1661 1109 venatoribus
1698 1071 1737 1106 et
1763 1065 1985 1118 pastoribus
2015 1065 2184 1113 Dianae,
2225 1064 2257 1102 si

94 1121 380 1179 impetraverit,
411 1123 467 1162 uti
495 1122 723 1162 restituatur
750 1121 825 1161 sibi
853 1134 962 1173 ager.
1019 1120 1165 1171 Delia,
1193 1122 1347 1173 Apollo,
1376 1122 1440 1161 vel
1467 1122 1606 1164 Diana,
1637 1120 1686 1160 de
1715 1121 1813 1159 Delo
1843 1120 1983 1158 insula.
2000 1142 2045 1147 —
2081 1117 2257 1161 Parcas,

103 1177 306 1216 vocativus
344 1182 460 1215 casus
500 1178 572 1215 est.
638 1171 800 1212 Parcus
848 1174 1012 1218 Micon,
1048 1187 1146 1227 puer
1184 1177 1289 1225 eius,
1334 1175 1395 1215 vel
1424 1175 1570 1226 Diana,
1600 1175 1707 1215 velut.
1736 1185 1918 1212 mumius
1949 1172 2051 1213 dicit.
2109 1173 2258 1224 Pauper

102 1229 282 1284 dominus
304 1232 359 1277 Π))
391 1229 431 1269 in
461 1229 638 1269 oratione
664 1230 776 1280 parvi
804 1241 1075 1281 properemus,
1108 1234 1146 1268 et
1173 1242 1194 1269 e
1224 1231 1420 1270 contrario
1452 1231 1567 1282 ampli
1600 1230 1737 1269 divites
1768 1228 1961 1268 dicuntur.

95 1285 100 1289 '
235 1284 302 1323 Vs.
332 1281 398 1324 30.
467 1283 644 1322 Vivacz's.
703 1283 868 1323 Centum
899 1296 1023 1324 annos
1054 1284 1188 1324 vivere
1217 1284 1365 1325 dicitur.
1431 1283 1598 1323 Cornua
1629 1284 1750 1328 cerci,
1779 1282 1819 1322 id
1850 1287 1911 1322 est
1940 1287 2067 1323 erunt.

234 1339 301 1379 Vs.
331 1336 399 1393 31.
460 1337 510 1376 Si
534 1338 757 1390 proprium
784 1337 864 1376 hoc
891 1339 1040 1390 fuerit,
1067 1338 1145 1379 hoc
1173 1343 1336 1391 po‘e'ma3
1366 1341 1399 1380 si
1429 1345 1558 1380 autem
1587 1344 1830 1392 perpetuum,
1864 1343 1929 1378 aut
1948 1342 2165 1389 acceptum,
2197 1336 2258 1376 vel

101 1397 248 1447 aptum,
278 1398 322 1433 ut
349 1393 538 1445 accipias,
568 1393 643 1433 levi
676 1393 725 1433 de
753 1405 950 1434 marmore
976 1394 1111 1433 forsan
1134 1406 1204 1446 pro
1225 1395 1370 1445 colore,
1401 1395 1463 1435 vel
1492 1394 1632 1434 forma.

235 1449 302 1488 Vs.
327 1446 392 1489 32.
451 1446 660 1498 Puniceo,
699 1448 837 1488 rubeo.
869 1470 924 1476 ——
960 1447 1198 1492 cothurno,
1241 1450 1494 1490 calciamento
1523 1447 1753 1497 venatricio,
1792 1459 1870 1499 quo
1910 1459 2023 1487 crura
2059 1450 2256 1498 teguntur.

235 1503 301 1543 Vs.
331 1500 397 1543 33.
460 1500 620 1555 Sinum,
645 1514 770 1556 genus
800 1503 906 1542 vasis
935 1504 1084 1552 rustici,
1116 1504 1258 1544 vimine
1286 1504 1445 1544 sactum.
1466 1506 1524 1552 20)
1584 1501 1644 1542 Et
1673 1501 1777 1540 ltaec
1808 1506 1848 1540 te
1877 1500 2020 1541 sufficit
2049 1501 2109 1540 vel
2130 1500 2255 1540 debet.

99 1557 262 1610 Priape
286 1562 430 1596 castos
461 1556 599 1609 horti,
636 1559 726 1609 quia
755 1557 914 1609 Priapus
947 1558 1071 1598 hortis
1109 1570 1296 1610 praeesse
1334 1559 1493 1607 dicitur,
1534 1557 1640 1598 unde
1676 1562 1714 1597 et
1751 1568 1888 1596 mense
1916 1556 2052 1596 Martio
2085 1555 2257 1606 Priapeia

98 1625 213 1661 sacra
244 1612 552 1652 celebrabantur.
611 1612 691 1654 Sub
720 1624 889 1663 persona
910 1611 1111 1663 Thyrsidis
1134 1613 1265 1653 Macer
1283 1617 1374 1653 vota
1403 1612 1496 1652 facit
1523 1624 1593 1665 pro
1613 1611 1787 1664 Virgilio,
1819 1610 1959 1663 quodsi
1991 1621 2108 1662 agros
2138 1622 2256 1649 recc-

98 1666 210 1722 perit,
226 1667 290 1716 ’21)
322 1667 438 1706 etiam
467 1667 614 1707 maiora
644 1668 842 1719 promittit.
867 1690 910 1695 —-
936 1665 1139 1718 Priapus,
1167 1668 1304 1720 iurgiis
1335 1667 1491 1720 gaudet.
1550 1666 1755 1706 Fascinum
1778 1678 1865 1705 eum
1894 1665 2010 1705 deum
2031 1665 2134 1713 dicit,
2161 1676 2256 1716 ergo

97 1723 287 1764 Aemilius
327 1721 458 1762 Macer
497 1722 626 1772 timet,
663 1734 714 1761 ne
751 1721 916 1761 fascinet
956 1722 990 1761 ei
1030 1726 1068 1762 et
1104 1722 1193 1762 ideo
1231 1727 1440 1763 veneratur
1477 1733 1587 1771 eum3
1629 1721 1693 1762 vel
1728 1720 1887 1774 Priapus
1927 1724 2061 1760 custos
2097 1720 2255 1759 bovum.

97 1777 342 1832 Allegoriee:
373 1777 519 1829 Priape,
546 1777 704 1816 Antoni.
1576 1786 1580 1793 ·

231 1832 299 1871 νε.
331 1829 397 1873 34.
456 1830 718 1882 Expectare,
743 1831 953 1882 sustinere,
983 1831 1134 1872 tollere.
1198 1830 1277 1870 Sat
1308 1836 1384 1883 est,
1413 1831 1529 1872 debet
1558 1831 1620 1871 vel
1650 1829 1806 1871 sufficit.
1828 1854 1877 1860 --
1914 1827 2063 1868 Custos
2093 1842 2133 1867 es
2151 1841 2254 1880 pau-

96 1887 212 1939 peris
242 1886 372 1937 horti,
400 1887 612 1940 allegorice
642 1887 755 1938 quasi
785 1887 857 1926 sub
889 1898 936 1926 eo
969 1886 1085 1927 exule
1114 1893 1220 1927 esset
1248 1887 1477 1927 Cornificius
1509 1886 1569 1931 ab·
1586 1885 1757 1926 Antonio
1787 1890 2008 1938 susceptus.

232 1942 297 1982 Vs.
329 1939 395 1982 35.
454 1940 1000 1990 Marmoreum'formosum.
1031 1963 1082 1969 —
1114 1939 1203 1978 Pro
1232 1946 1435 1992 tempore,
1465 1946 1582 1995 prout
1611 1945 1764 1992 tempus
1796 1939 1892 1979 tulit.

229 1997 295 2036 νε.
316 1993 393 2043 36.
453 1994 502 2034 Si
527 1996 670 2047 fetura
698 2000 738 2035 et
767 1997 909 2045 cetera,
941 1996 975 2034 si
1001 1995 1247 2047 responderit
1268 1998 1324 2044 22)
1358 2008 1517 2035 carmen
1546 1996 1629 2048 spei
1649 2007 1772 2044 meae,
1804 1995 1870 2046 qui
1888 2007 1994 2034 nunc
2014 2004 2253 2045 marmoreus

100 2051 211 2101 deuS,
242 2063 385 2091 aureus
416 2051 506 2101 eris,
537 2051 570 2090 si
598 2050 702 2090 fetus
732 2051 867 2103 gregis
897 2051 1102 2101 ampliatus
1132 2051 1262 2090 fuerit.
1319 2049 1480 2088 Aureus
1510 2055 1612 2094 esto,
1642 2049 1865 2099 formosior,
1894 2050 1934 2090 id
1965 2054 2024 2090 est
2044 2048 2254 2088 maioribus

98 2107 278 2147 laudibus
308 2117 537 2158 prosequar.
594 2105 701 2146 l-laec
729 2105 779 2146 ad
809 2105 1021 2144 Antonium
1053 2105 1165 2155 dicit,
1203 2105 1266 2145 vel
1305 2106 1353 2145 ad
1393 2105 1508 2145 deum
1537 2106 1598 2146 cui
1619 2107 1675 2152 23)
1699 2103 1980 2146 -sacrilicat.-
2022 2102 2072 2140 Si
2099 2105 2254 2155 setara,

99 2162 133 2205 si
163 2161 515 2209 abunde‘carmem
547 2159 671 2200 dicam
703 2172 879 2213 gregem,
911 2159 1167 2212 suppleverit,
1198 2159 1238 2199 id
1268 2164 1344 2211 est,
1372 2173 1442 2213 per
1470 2159 1754 2200 multitudinem
1782 2171 1987 2212 agnorum.

231 2216 298 2256 Vs.
330 2213 396 2256 37Ἰ
455 2212 611 2253 Nerine
645 2210 837 2270 Galatea,
869 2215 1032 2254 amicam
1063 2214 1240 2261 advocat.
1298 2214 1521 2268 Allegorice
1550 2215 1733 2268 Virgilius
1766 2213 1977 2264 Galat-eam,
2008 2212 2047 2252 id
2066 2216 2126 2252 est
2156 2211 2253 2250 Gal-

97 2271 202 2324 liam,
231 2271 293 2311 his
323 2270 452 2311 verbis
481 2269 614 2311 laudat
642 2274 682 2309 et
709 2269 901 2319 hortatur,
933 2274 987 2319 ut,
1020 2269 1122 2309 sicut
1149 2270 1236 2322 ipse
1265 2274 1349 2309 erat
1378 2282 1466 2320 cum
1488 2269 1669 2320 Caesare,
1702 2273 1740 2308 et
1758 2269 1842 2320 ipsa
1863 2268 2031 2308 adesset.
2072 2265 2251 2316 Hyblae.

98 2326 223 2379 Hybla
254 2326 390 2367 civitas
419 2325 640 2378 Hispaniae,
671 2324 738 2364 ubi
765 2324 942 2376 thymum
972 2325 1157 2364 nascitur.
1218 2337 1400 2364 lenimus
1430 2325 1540 2374 dicit,
1571 2330 1700 2364 tamen
1735 2335 1989 2363 cannen-rins
2019 2321 2111 2362 dicit-
2139 2332 2253 2360 mons

97 2382 138 2422 in
168 2381 297 2421 Sicilia
325 2380 388 2420 vel
416 2380 528 2421 loeus
558 2381 597 2420 in
626 2379 768 2429 Attica,
799 2380 865 2419 ubi
894 2379 973 2419 mel
995 2380 1193 2432 optimum.
1224 2402 1277 2409 --
1306 2377 1476 2423 Nerine,
1509 2380 1622 2418 Nerei
1651 2379 1738 2418 filia.
1801 2375 1994 2428 Galatea,
2023 2376 2250 2417 concubina.

103 2434 269 2488 Thymo,
288 2435 417 2487 'melle'
440 2434 504 2475 vel
532 2434 645 2474 ilore.
702 2431 859 2472 Nerine
890 2433 1062 2473 Galatea
1093 2438 1131 2473 et
1158 2434 1317 2486 reliqua.
1376 2434 1526 2474 Laudat
1554 2433 1774 2485 Nymphas,
1806 2437 1849 2472 ut
1877 2432 1926 2473 ad
1957 2443 2002 2471 se
2029 2431 2186 2471 veniant
2216 2434 2254 2468 et

99 2490 285 2546 adiuvent
313 2501 482 2544 carmen.
527 2485 683 2529 Aliter:
713 2488 923 2542 allegorice
951 2489 1000 2528 de
1030 2488 1150 2528 Gallia
1181 2488 1287 2540 dicit,
1319 2501 1421 2540 quae
1450 2488 1601 2529 dulcior
1630 2493 1690 2528 est
1720 2487 1814 2527 mihi
1841 2487 2068 2527 substantiis
2091 2485 2251 2533 nostris,

99 2543 162 2585 v‘el
189 2544 341 2586 dulcior
369 2544 484 2585 melle
511 2543 658 2586 Siculo.
715 2556 972 2583 αᾼυυκΝ-πιυε
1002 2543 1104 2584 dicit.
1385 2577 1387 2580 Α
1770 2568 1772 2571 -
1888 2561 1892 2567 ·

231 2599 301 2639 Vs.
328 2597 393 2640 38.
454 2597 700 2643 Candidior,
730 2598 918 2640 formosa.
948 2620 1003 2626 —
1033 2597 1204 2636 Hedera
1235 2597 1347 2641 alba,
1378 2598 1463 2638 alba
1494 2597 1598 2647 dicit,
1630 2597 1720 2650 quia
1751 2601 1812 2636 est
1840 2599 1880 2636 et
1908 2596 2032 2649 nigra.

96 2702 98 2705 v
229 2651 298 2693 νε.
327 2649 394 2694 39.
457 2651 556 2693 Cum
582 2653 775 2706 primum,
802 2653 842 2693 id
872 2658 933 2693 est
962 2659 1056 2694 tunc
1082 2654 1192 2703 veni,
1225 2665 1313 2693 cum
1344 2653 1511 2706 primum
1539 2662 1795 2706 possessores
1826 2651 1918 2691 novi
1943 2650 2147 2702 coeperint
2173 2648 2248 2688 ad-

98 2707 277 2803 ⁸³g”²}⁰⁵
305 2707 511 2761 possidere
538 2719 673 2763 agros.
701 2729 754 2739 —
785 2707 994 2761 Repe-tent
1019 2708 1243 2760 praesepia
1274 2708 1410 2759 tauri,
1438 2707 1505 2748 ubi
1533 2708 1610 2749 iam
1628 2710 1686 2757 ²⁴)
1718 2706 1816 2747 hora
1845 2709 1952 2746 esset
1979 2716 2158 2758 gregum,
2189 2703 2248 2742 vel

98 2774 189 2804 sero
238 2763 351 2803 uerit.
2118 2795 2121 2798 Α

211 2934 779 3006 71⁸)God.:⁴e=imvenienrer.
813 2961 863 3005 1⁷)
889 2961 993 2996 θοὰς
1018 2942 1250 3007 ingenium.
1283 2950 1334 3004 18)
1353 2961 1457 2996 Cod.:
1485 2944 1615 2994 deest
1640 2961 1733 2993 crit.
1766 2959 1819 3002 19)
1835 2957 1938 2992 Coa:
1961 2957 2049 2990 diis.
2070 2956 2126 2997 ²⁰)
2144 2954 2246 2989 Ceth:

100 3007 363 3086 {insulamn-21³¹)
389 3004 496 3053 Coda
519 3007 670 3052 quo'ui
704 3013 736 3056 et
759 3009 983 3053 reciperit.
1038 3009 1090 3051 22)
1125 3008 1229 3044 Cod.:
1255 3008 1535 3053 responderi.
1590 3007 1640 3049 2³)
1667 3005 1771 3041 Coa:
1796 3005 1908 3038 cuiu.
1961 3003 2014 3046 24)
2040 3001 2142 3036 Cod.:
2167 3003 2246 3034 iani
