2430 3177
1123 96 1187 144 31

1020 165 1284 182 Μ

211 231 277 271 Vs.
311 229 374 272 10.
438 229 604 282 Captus·
636 240 796 281 umore,
830 228 1010 269 adolatur
1045 233 1085 271 in
1125 232 1304 276 omnibus
1344 231 1501 273 Varum.
1551 241 1601 262 -·-⁴-
1660 230 1788 283 Vare,
1827 231 2039 284 allegorice
2075 230 2232 271 Caesar.

81 287 284 342 Maricae,
315 287 526 340 virgultum
555 284 715 337 humile,
746 286 808 324 cui
838 284 996 337 eclogas
1025 298 1119 326 suas
1151 293 1188 327 et
1220 287 1390 326 carmina
1421 299 1492 327 sua
1522 291 1732 340 comparat.

214 342 280 382 Vs.
314 339 377 382 11.
442 338 498 379 Te
528 352 686 391 nemus,
725 340 1016 383 nemusvobis
1059 342 1304 383 cantantibus
1343 342 1566 392 resonabit,
1607 343 1670 382 vel
1699 354 1768 394 pro
1794 342 1878 392 hiS,
1917 341 1982 394 qui
2008 341 2047 380 in
2075 353 2236 382 nemore

79 402 183 439 sunt.
241 395 332 435 Nec
357 394 530 435 Phoebo
559 396 726 448 gratior
755 393 844 432 ulla
875 397 959 439 est,
1001 397 1026 435 i.
1059 410 1093 436 e.
1121 397 1315 449 Apollini,
1346 397 1409 436 vel
1438 397 1650 450 allegorice
1680 397 1861 450 Augusto
1891 409 1971 437 non
2002 401 2061 436 est
2091 397 2238 449 gratior

79 453 235 506 pagina,
267 465 383 504 quam
413 464 514 504 quae
543 451 723 491 deVaro
751 449 936 501 loquitur.
993 451 1079 493 Fuit
1108 458 1238 493 autem
1257 452 1382 492 Varus
1415 451 1705 505 condiscipulus
1725 453 2033 508 Virgiliibquem
2063 451 2236 492 fraterno

79 520 217 550 amore
246 507 389 547 dilexit.
423 528 475 535 —
511 505 660 550 Canet,
687 505 915 557 respondet.
972 503 1064 546 Nec
1094 506 1268 546 Pleoebo
1300 507 1491 558 gyratior,
1520 507 1560 547 id
1590 512 1649 547 est
1678 498 1848 559 Apollini
1877 508 1940 548 vel
1968 506 2164 560 Augusto,
2196 510 2238 545 ut

80 562 214 604 audiat
241 562 304 603 vel
331 574 423 603 suas
452 562 514 602 vel
542 561 714 602 consulis
746 561 808 600 sui
835 560 984 601 laudes.

215 618 281 657 Vs.
314 616 376 658 12.
437 617 650 667 Hucusque
678 614 881 666 praefatio.

215 673 283 713 Vs,
313 671 376 714 13.
434 670 630 723 Peryite,
660 670 800 714 dicite,
830 677 1107 722 perseverate3.
1131 672 1311 713 hortatur
1338 671 1485 722 Musas,
1516 673 1579 712 vel
1606 673 1764 713 invocat
1791 673 1923 713 Musas
1955 677 1993 713 et
2023 673 2079 711 sic
2107 671 2242 723 incipit

83 740 238 770 canere.
294 726 503 777 Pierides,
533 726 681 775 Musae,
714 731 757 766 ut
785 726 941 777 quidem
972 728 1063 767 navi
1080 731 1117 775 8)
1148 728 1297 779 volunt,
1329 727 1476 778 dictae,
1509 740 1609 780 quae
1642 729 1704 781 pie
1723 731 1760 777 ⁹)
1792 729 1972 778 heredes,
2005 732 2043 768 et
2072 726 2241 767 Pierides

83 789 268 836 corrupte
295 783 433 823 dictae.
457 793 460 795 ·
497 779 682 819 Chromis
714 785 756 819 et
786 780 1017 835 Mnasylus,
1047 783 1268 824 Silenorum
1298 787 1337 823 et
1357 783 1587 835 Satyrorum
1614 784 1785 823 nomina.
1844 784 1925 824 Hos
1945 796 2015 836 pro
2038 781 2241 822 condisci-

82 839 184 892 pulis
215 838 363 891 Virgilii
392 838 570 889 accipere
600 835 811 886 debenmS,
843 837 945 878 Varo
975 839 1123 878 scilicet
1154 843 1191 878 et
1220 839 1372 889 Tucca,
1405 839 1471 889 qui
1499 843 1677 891 poetam,
1709 840 1820 891 quasi
1849 840 2022 880 Silenum
2048 837 2242 891 petierunt

83 895 257 936 scribere
291 892 484 933 bucolica.
546 890 743 930 Silenum.
803 892 922 933 Poe'ta
958 893 1130 936 sefacit
1158 894 1352 944 Silenum,
1393 893 1577 934 Chromin
1611 899 1649 934 et
1682 894 1902 947 Mnasylum
1924 897 1979 943 ¹⁰)
2020 894 2167 933 Varum
2205 895 2243 930 et

83 949 309 998 Pollionem,
339 948 402 987 vel
425 947 647 987 Cornelium
678 952 716 987 et
735 946 918 997 Tuccam,
951 949 1016 1000 qui
1047 950 1159 1000 quasi
1188 950 1360 989 vinctum
1392 962 1550 989 carmen
1569 950 1641 990 sibi
1661 950 1885 990 bucolicum
1905 961 2079 1003 pangere
2098 951 2242 1000 postu-

82 1004 225 1045 labant.
252 1027 305 1033 —
339 1001 525 1041 Chromis
564 1006 604 1040 et
642 1000 858 1054 Mnasylus
889 1004 933 1041 in
963 1009 1109 1049 antro,
1150 1010 1351 1057 pastorum
1382 1006 1561 1055 nomina,
1594 1006 1660 1056 qui
1689 1005 1809 1044 Fauni
1839 1011 1877 1045 et
1906 1005 2035 1057 Satyri
2063 1004 2245 1043 dicuntur

84 1064 245 1112 propter
273 1058 485 1099 solitariam
517 1063 555 1098 et
583 1062 779 1110 agrestem
812 1059 945 1108 vitam,
976 1061 1042 1110 qui
1064 1060 1236 1100 Silenum
1265 1059 1391 1100 adorti
1421 1065 1524 1109 sunt,
1555 1066 1598 1100 ut
1627 1073 1784 1100 carmen
1804 1061 1994 1101 audirent.
2017 1063 2070 1107 ¹¹)
2130 1056 2243 1096 Alle—

83 1116 219 1168 gorice
249 1113 506 1165 condiscipuli
523 1113 672 1164 Virgilii
692 1113 971 1164 intelleguntur
987 1114 1112 1151 Varus
1142 1119 1181 1151 et
1203 1114 1345 1161 Tucca,
1379 1115 1444 1163 qui
1462 1114 1663 1166 Virgilium
1684 1116 1890 1166 petierunt,
1923 1115 2035 1166 quasi
2055 1113 2244 1161 Silenum,

84 1181 243 1211 carmen
269 1169 477 1209 bucolicon
506 1166 694 1205 scribere.
752 1164 802 1202 In
836 1170 972 1210 antro,
1005 1166 1261 1206 dormientem
1292 1167 1331 1206 in
1363 1169 1544 1220 angustia
1572 1173 1790 1220 gravatum.

218 1224 284 1262 Vs.
319 1221 382 1262 14.
445 1219 630 1259 Silenum
641 1227 661 1271 ,’
693 1219 733 1260 id
762 1225 823 1259 est
848 1225 962 1260 vetus
993 1221 1173 1272 quidam,
1216 1223 1282 1273 qui
1318 1227 1481 1275 rogatus
1513 1237 1534 1264 a
1563 1224 1724 1276 Virgilio
1755 1224 1937 1276 exposuit
1975 1223 2009 1263 ei
2040 1234 2245 1263 cosmo-

83 1278 259 1331 poeiam,
289 1282 328 1317 et
355 1277 489 1317 dicunt
509 1278 564 1324 ¹²)
596 1274 777 1326 quidam,
816 1275 944 1317 Panos
982 1275 1083 1316 filius
1119 1278 1181 1318 vel
1210 1281 1338 1317 terrae
1366 1277 1428 1317 vel
1457 1276 1731 1329 Thaumantis,
1775 1279 1928 1319 comitis
1956 1278 2084 1318 Liberi
2114 1277 2246 1329 patris,

84 1333 149 1375 vel
175 1334 261 1387 ipse
290 1343 423 1373 comes
454 1330 582 1371 Liberi
609 1330 743 1382 patris.
1462 1343 1466 1345 ·
1518 1371 1525 1379 ..
2047 1373 2050 1375 Α
2109 1346 2114 1351 1

220 1389 286 1429 Vs.
320 1387 384 1428 15.
442 1385 635 1438 inflatum
658 1397 794 1437 venaS,
824 1385 992 1439 figurate
1022 1386 1118 1426 dixit
1147 1399 1218 1439 pro
1246 1387 1399 1429 inflatas
1421 1399 1540 1428 venas
1570 1388 1792 1439 habentem,
1823 1393 1867 1429 ut
1886 1388 1991 1429 nuda
2011 1400 2128 1442 genu.
2193 1386 2249 1425 Ut

87 1457 256 1496 semper,
286 1447 370 1483 tota
399 1441 462 1482 die
488 1441 658 1482 bibebat.
682 1464 732 1470 -
753 1439 922 1492 Iacclw,
950 1443 1041 1483 vino
1071 1442 1235 1495 ebrium,
1267 1445 1371 1494 vino,
1400 1443 1438 1483 id
1460 1448 1520 1483 est
1549 1447 1782 1495 tempestate
1801 1444 1972 1496 antiqua,
2003 1443 2067 1483 vel
2086 1442 2249 1483 Iacchus

86 1500 201 1540 Liber
229 1503 340 1551 pater
369 1498 519 1538 dicitur.
984 1538 987 1539 γ

221 1555 288 1595 Vs.
321 1551 386 1594 16.
450 1551 574 1590 Serta
604 1551 741 1603 capiti
770 1551 944 1602 delapsa
975 1551 1176 1593 iacebunt.
1237 1553 1372 1603 Serta,
1412 1553 1450 1592 id
1482 1558 1542 1592 est
1571 1565 1718 1594 corona
1748 1554 1784 1593 ei
1813 1553 2009 1594 ceciderat
2046 1553 2096 1593 de
2124 1553 2250 1605 capite

88 1623 176 1662 suo,
207 1622 278 1662 pro
307 1609 494 1649 ebrietate
523 1612 666 1647 autem.
730 1605 895 1646 sertum
924 1619 1070 1649 corona
1101 1608 1150 1648 de
1176 1608 1353 1650 floribus.
1411 1605 1593 1652 Procul,
1630 1620 1764 1661 prope.
1823 1607 1883 1647 Et
1913 1608 2054 1660 yravis
2085 1609 2248 1651 attrita,

89 1667 292 1720 eleganter
323 1663 522 1703 ebriosum
552 1662 721 1703 ostendit
731 1675 743 1711 3
773 1663 904 1702 attrita
932 1662 1127 1714 frequenti
1155 1675 1244 1703 usu.
1309 1662 1560 1707 Cantlzarus,
1592 1675 1662 1703 vas
1692 1675 1773 1703 non
1802 1664 1964 1717 grande,
1995 1675 2072 1716 quo
2098 1675 2250 1704 merum

89 1721 215 1763 datur.
255 1717 478 1756 -18erta
514 1716 670 1769 procul
707 1722 746 1758 et
779 1717 942 1769 reliqua.
1008 1717 1234 1772 Allegorice
1270 1719 1353 1759 vult
1389 1722 1506 1771 poe'la
1530 1719 1717 1772 ⁴intellegi
1755 1718 1947 1760 honorem
1977 1731 2094 1760 suum
2133 1719 2250 1758 exilio

90 1777 325 1817 minoratum
356 1785 457 1814 esse.
1404 1797 1409 1800 -

222 1831 289 1870 Vs.
322 1828 383 1870 17.
441 1829 615 1874 Attrita,
648 1841 697 1869 ex
727 1839 802 1869 usu
831 1828 988 1869 tenendi
1017 1829 1240 1882 splendens.
1301 1828 1501 1870 Craterem
1531 1829 1625 1870 dicit
1653 1841 1735 1880 vas,
1766 1830 1806 1869 in
1836 1842 1914 1883 quo
1945 1829 2060 1870 datur
2088 1841 2252 1869 merum.

96 1885 353 1936 Cantlcarus,
385 1887 487 1924 vasis
519 1887 690 1936 species,
721 1884 761 1923 id
791 1888 850 1923 est
879 1885 1024 1936 pictum
1052 1896 1122 1924 vas
1153 1897 1243 1925 cum
1272 1886 1494 1938 pigmentis
1562 1883 1815 1931 cantharus,
1854 1886 2066 1939 allegorice
2096 1884 2252 1936 quidam

89 1942 226 1983 volunt
254 1940 410 1980 Hieram
441 1940 642 1993 [intellegi]
657 1969 674 1996 ‚⁵
698 1939 936 1981 Maecenatis
956 1941 1010 1988 13)
1043 1941 1240 1991 ancillam,
1272 1952 1374 1993 quae
1405 1940 1546 1982 dicitur
1572 1941 1779 1994 ingeniosa
1804 1941 1942 1992 fuisse,
1975 1940 2132 1993 quidam
2162 1939 2253 1980 Vari

92 2009 270 2038 amicam.

227 2052 294 2091 Vs.
325 2048 390 2091 68.
452 2049 612 2101 Senex,
646 2061 717 2102 pro
757 2060 886 2090 senes.
953 2049 1085 2089 Ambo
1125 2062 1196 2103 pro
1227 2051 1387 2103 ambos,
1425 2051 1498 2092 hos
1529 2051 1657 2092 ambo.
1717 2051 1782 2093 Sic
1812 2057 1850 2092 et
1878 2051 2085 2092 Homerus.
2135 2061 2252 2090 ium-

94 2117 186 2148 mus
211 2107 316 2147 dicit.
373 2115 375 2118 ’
725 2146 727 2148 ,
1403 2143 1406 2146 .
1742 2144 1746 2147 .

227 2163 295 2202 Vs.
328 2159 403 2202 19..
423 2180 425 2183 .
443 2157 650 2208 Luserat,
688 2159 780 2200 dum
809 2161 981 2200 carmina
1020 2161 1263 2214 repromittit.
1324 2161 1532 2214 Inicimzt,
1562 2167 1722 2203 nectere
1749 2162 1948 2215 incipiunt.
1977 2183 2032 2190 -—
2062 2159 2172 2212 Ipsis
2204 2171 2257 2197 ex

96 2217 262 2256 vincula
300 2216 434 2256 sertim
503 2216 652 2257 Sensus
682 2220 763 2256 est:
795 2228 845 2255 ex
861 2216 956 2268 ipsis
986 2218 1101 2257 sertis
1120 2217 1274 2257 vincula
1293 2217 1469 2257 iniciunt.
1527 2218 1753 2271 Ligationes
1785 2217 1834 2257 de
1862 2218 1941 2257 lino
1963 2221 2098 2257 tenero
2127 2215 2256 2257 factae

95 2278 201 2314 serta
230 2272 423 2313 dicuntur.
1964 2308 1967 2310 .

228 2328 294 2368 Vs.
327 2325 393 2368 20.
457 2325 654 2376 Timidis,
685 2338 756 2379 pro
787 2327 1024 2367 timentibus.
1081 2327 1227 2367 Natura
1258 2328 1360 2368 enim
1391 2327 1511 2368 timidi
1541 2340 1699 2379 sumus,
1731 2329 1908 2369 timentes
1940 2330 2046 2366 metu
2075 2327 2253 2366 interve-

96 2384 238 2424 niente.
262 2386 314 2431 ¹¹=]
347 2405 400 2411 —
429 2380 573 2435 Aeyle,
604 2394 680 2422 una
710 2381 977 2435 Nympharum
1007 2383 1081 2422 vel·
1100 2384 1235 2422 amica.
1297 2382 1529 2427 Naiadum,
1562 2383 1722 2425 dearum
1752 2383 1815 2423 vel
1841 2382 2122 2434 Nympharum,
2154 2393 2256 2434 quac

96 2440 136 2478 in
163 2438 336 2479 fontibus
366 2443 468 2478 sunt.
503 2461 553 2466 —
583 2436 728 2489 Aeqle,
759 2437 971 2491 allegorice
999 2437 1136 2488 Roma,
1167 2450 1268 2489 quae
1296 2439 1403 2480 illum
1433 2439 1573 2479 blanda
1603 2451 1720 2479 manu
1750 2437 1959 2478 mulcebat.

227 2494 294 2533 Vs.
326 2492 389 2534 21.
452 2491 618 2545 Iamque
647 2492 805 2537 videnti
834 2493 984 2541 Sileno;
1016 2493 1161 2533 videnti
1189 2506 1260 2545 pro
1290 2494 1477 2547 vigilanti,
1510 2493 1643 2534 videre
1668 2493 1878 2546 incipienti.

230 2550 296 2589 Vs.
329 2547 394 2589 22.
456 2547 707 2598 δαηῃηίηείς
736 2549 876 2599 moris,
906 2549 1165 2602 sanguineum
1196 2548 1371 2588 colorem
1401 2548 1646 2589 habentibus.

229 2605 296 2643 Vs.
327 2602 392 2645 23.
450 2602 552 2654 Ille,
583 2603 758 2653 Silenus,
789 2616 903 2655 quem
931 2615 975 2644 se
1005 2604 1086 2643 vult
1114 2603 1285 2656 intellegi
1314 2604 1509 2658 Virgilius.
1566 2602 1745 2648 Dolum,
1786 2603 1983 2645 faciebant
2012 2601 2114 2643 enim
2146 2603 2254 2644 timi-

101 2660 192 2701 dum
214 2662 268 2706 ¹⁵)
299 2671 480 2712 gressum
509 2659 677 2708 solliciti,
696 2671 758 2711 ⁴ne
786 2664 875 2699 ante
904 2659 1118 2700 videantur.
1183 2657 1289 2702 Quo,
1322 2671 1455 2711 quare.
1514 2657 1717 2711 Nectitis,
1747 2660 1941 2714 obligatis.

233 2715 299 2754 Vs.
331 2712 395 2755 24.
457 2713 571 2752 Satis
602 2718 675 2762 est,
705 2714 848 2755 sufficit
875 2715 924 2756 ad
952 2727 1132 2768 poenam.
1195 2713 1310 2753 Satis
1333 2719 1393 2754 est
1417 2716 1610 2766 potuisse
1642 2716 1787 2764 videri,
1816 2716 1856 2756 id
1877 2720 1936 2756 est
1965 2714 2164 2768 alligatum
2195 2726 2258 2753 me

101 2771 162 2811 vel
189 2770 315 2810 levem
345 2781 367 2808 a
395 2769 666 2822 praesentibus
697 2769 831 2810 videri.

233 2969 267 3010 8)
295 2967 396 3001 Coti:
420 2969 531 3000 navi.
579 2968 612 3009 9)
641 2967 742 3001 Cod.:
769 2979 820 3012 qu
846 2970 975 3012 uipie.
1025 2969 1074 3011 10)
1101 2968 1205 3002 Cod.:
1232 2969 1477 3002 mnasillus.
1536 2969 1584 3010 11)
1619 2968 1750 3003 Codex:
1777 2970 1990 3002 exierent.
2049 2968 2098 3010 12)
2125 2967 2256 3003 Codex:

102 3016 392 3093 cosmdopeiam
418 3019 459 3047 nt
485 3014 642 3048 dicant.
669 3015 718 3056 13)
737 3013 840 3048 Cod.:
865 3014 1022 3049 volunt
1048 3017 1180 3049 ieram
1205 3017 1460 3050 mecenatis.
1488 3015 1536 3057 14)
1555 3015 1661 3050 Cod.:
1687 3015 2058 3049 intervenientes.
2085 3015 2134 3057 15)
2155 3012 2257 3049 Coa:

101 3062 201 3094 tumi
245 3071 316 3093 ιιιιι.
406 3070 410 3074 “
