<?xml version="1.0" encoding="UTF-8"?>
<!DOCTYPE html PUBLIC "-//W3C//DTD XHTML 1.0 Transitional//EN"
    "http://www.w3.org/TR/xhtml1/DTD/xhtml1-transitional.dtd">
<html xmlns="http://www.w3.org/1999/xhtml" xml:lang="en" lang="en">
 <head>
  <title>
</title>
<meta http-equiv="Content-Type" content="text/html;charset=utf-8" />
  <meta name='ocr-system' content='tesseract 3.04.00' />
  <meta name='ocr-capabilities' content='ocr_page ocr_carea ocr_par ocr_line ocrx_word'/>
</head>
<body>
  <div class='ocr_page' id='page_1' title='image "./commentariaiunil00mluoft_0177.png"; bbox 0 0 2430 3177; ppageno 0'>
   <div class='ocr_carea' id='block_1_1' title="bbox 1127 81 1211 131">
    <p class='ocr_par' dir='ltr' id='par_1_1' title="bbox 1127 81 1211 131">
     <span class='ocr_line' id='line_1_1' title="bbox 1127 81 1211 131; baseline -0.012 0"><span class='ocrx_word' id='word_1_1' title='bbox 1127 81 1211 131; x_wconf 55' lang='lat'><strong><em>&gt;19</em></strong></span> 
     </span>
    </p>
   </div>
   <div class='ocr_carea' id='block_1_2' title="bbox 1046 151 1311 170">
    <p class='ocr_par' dir='ltr' id='par_1_2' title="bbox 1046 151 1311 170">
     <span class='ocr_line' id='line_1_2' title="bbox 1046 151 1311 170; baseline -0.004 0"><span class='ocrx_word' id='word_1_2' title='bbox 1046 151 1311 170; x_wconf 60' lang='grc' dir='ltr'><strong><em>Μ</em></strong></span> 
     </span>
    </p>
   </div>
   <div class='ocr_carea' id='block_1_3' title="bbox 69 210 2290 2706">
    <p class='ocr_par' dir='ltr' id='par_1_3' title="bbox 96 210 2247 376">
     <span class='ocr_line' id='line_1_3' title="bbox 227 210 2246 271; baseline -0.007 -6"><span class='ocrx_word' id='word_1_3' title='bbox 227 221 296 264; x_wconf 85' lang='lat' dir='ltr'><strong><em>VS.</em></strong></span> <span class='ocrx_word' id='word_1_4' title='bbox 322 217 419 264; x_wconf 86' lang='lat'><strong><em>477.</em></strong></span> <span class='ocrx_word' id='word_1_5' title='bbox 483 216 686 271; x_wconf 70' lang='lat' dir='ltr'><strong><em>caelique</em></strong></span> <span class='ocrx_word' id='word_1_6' title='bbox 723 216 832 263; x_wconf 77' lang='lat' dir='ltr'><strong><em>vius,</em></strong></span> <span class='ocrx_word' id='word_1_7' title='bbox 871 220 1001 267; x_wconf 84' lang='lat' dir='ltr'><strong><em>artes,</em></strong></span> <span class='ocrx_word' id='word_1_8' title='bbox 1032 222 1076 258; x_wconf 90' lang='lat' dir='ltr'><strong><em>ut</em></strong></span> <span class='ocrx_word' id='word_1_9' title='bbox 1104 213 1265 266; x_wconf 74' lang='lat' dir='ltr'><strong><em>iuveni,</em></strong></span> <span class='ocrx_word' id='word_1_10' title='bbox 1301 225 1519 269; x_wconf 68' lang='lat' dir='ltr'><strong><em>germana,</em></strong></span> <span class='ocrx_word' id='word_1_11' title='bbox 1550 213 1749 262; x_wconf 58' lang='lat' dir='ltr'><strong><em>vicinam),</em></strong></span> <span class='ocrx_word' id='word_1_12' title='bbox 1790 211 1854 255; x_wconf 86' lang='lat' dir='ltr'><strong><em>vel</em></strong></span> <span class='ocrx_word' id='word_1_13' title='bbox 1892 210 2060 253; x_wconf 90' lang='lat' dir='ltr'><strong><em>circulos</em></strong></span> <span class='ocrx_word' id='word_1_14' title='bbox 2105 211 2246 263; x_wconf 87' lang='lat' dir='ltr'><strong><em>quibus</em></strong></span> 
     </span>
     <span class='ocr_line' id='line_1_4' title="bbox 98 267 2247 373; baseline -0.007 -53"><span class='ocrx_word' id='word_1_15' title='bbox 98 276 242 373; x_wconf 58' lang='lat' dir='ltr'><strong><em>sideri:¹</em></strong></span> <span class='ocrx_word' id='word_1_16' title='bbox 261 276 521 320; x_wconf 87' lang='lat' dir='ltr'><strong><em>continentur.</em></strong></span> <span class='ocrx_word' id='word_1_17' title='bbox 551 296 607 304; x_wconf 90' lang='lat'><strong><em>--</em></strong></span> <span class='ocrx_word' id='word_1_18' title='bbox 644 272 707 314; x_wconf 89' lang='lat' dir='ltr'><strong><em>Et</em></strong></span> <span class='ocrx_word' id='word_1_19' title='bbox 733 272 875 313; x_wconf 83' lang='lat' dir='ltr'><strong><em>sidera</em></strong></span> <span class='ocrx_word' id='word_1_20' title='bbox 903 276 1154 326; x_wconf 76' lang='lat' dir='ltr'><strong><em>monstrent,</em></strong></span> <span class='ocrx_word' id='word_1_21' title='bbox 1181 273 1247 315; x_wconf 91' lang='lat' dir='ltr'><strong><em>hic</em></strong></span> <span class='ocrx_word' id='word_1_22' title='bbox 1275 272 1440 326; x_wconf 83' lang='lat' dir='ltr'><strong>primam</strong></span> <span class='ocrx_word' id='word_1_23' title='bbox 1468 268 1753 324; x_wconf 85' lang='lat' dir='ltr'>philosophiam</span> <span class='ocrx_word' id='word_1_24' title='bbox 1780 271 1873 323; x_wconf 88' lang='lat' dir='ltr'><strong><em>post</em></strong></span> <span class='ocrx_word' id='word_1_25' title='bbox 1898 267 2089 308; x_wconf 81' lang='lat' dir='ltr'><strong>rusticam</strong></span> <span class='ocrx_word' id='word_1_26' title='bbox 2129 268 2247 308; x_wconf 89' lang='lat' dir='ltr'><strong><em>vitam</em></strong></span> 
     </span>
     <span class='ocr_line' id='line_1_5' title="bbox 96 332 324 376; baseline -0.022 1"><span class='ocrx_word' id='word_1_27' title='bbox 96 344 189 376; x_wconf 85' lang='lat' dir='ltr'><strong><em>esso</em></strong></span> <span class='ocrx_word' id='word_1_28' title='bbox 245 332 324 373; x_wconf 91' lang='lat' dir='ltr'><strong><em>icit.</em></strong></span> 
     </span>
    </p>

    <p class='ocr_par' dir='ltr' id='par_1_4' title="bbox 93 376 2246 545">
     <span class='ocr_line' id='line_1_6' title="bbox 225 376 2246 436; baseline -0.005 -9"><span class='ocrx_word' id='word_1_29' title='bbox 225 388 293 427; x_wconf 90' lang='lat' dir='ltr'><strong><em>Vs.</em></strong></span> <span class='ocrx_word' id='word_1_30' title='bbox 321 382 417 428; x_wconf 91' lang='lat'><strong><em>478.</em></strong></span> <span class='ocrx_word' id='word_1_31' title='bbox 475 381 682 434; x_wconf 80' lang='lat' dir='ltr'><strong><em>Defectus</em></strong></span> <span class='ocrx_word' id='word_1_32' title='bbox 701 381 806 422; x_wconf 74' lang='lat' dir='ltr'><strong><em>solis</em></strong></span> <span class='ocrx_word' id='word_1_33' title='bbox 825 382 981 428; x_wconf 80' lang='lat' dir='ltr'><strong><em>varios,</em></strong></span> <span class='ocrx_word' id='word_1_34' title='bbox 1011 383 1102 436; x_wconf 81' lang='lat' dir='ltr'><strong><em>quia</em></strong></span> <span class='ocrx_word' id='word_1_35' title='bbox 1121 394 1202 424; x_wconf 91' lang='lat' dir='ltr'><strong><em>uno</em></strong></span> <span class='ocrx_word' id='word_1_36' title='bbox 1230 381 1349 426; x_wconf 87' lang='lat' dir='ltr'><strong><em>modo</em></strong></span> <span class='ocrx_word' id='word_1_37' title='bbox 1369 381 1430 422; x_wconf 91' lang='lat' dir='ltr'><strong><em>sol</em></strong></span> <span class='ocrx_word' id='word_1_38' title='bbox 1449 379 1562 421; x_wconf 89' lang='lat' dir='ltr'><strong><em>nobis</em></strong></span> <span class='ocrx_word' id='word_1_39' title='bbox 1582 379 1737 420; x_wconf 90' lang='lat' dir='ltr'><strong><em>videtur</em></strong></span> <span class='ocrx_word' id='word_1_40' title='bbox 1758 378 1941 428; x_wconf 86' lang='lat' dir='ltr'><strong><em>deficere,</em></strong></span> <span class='ocrx_word' id='word_1_41' title='bbox 1973 389 2062 419; x_wconf 90' lang='lat' dir='ltr'><strong><em>cum</em></strong></span> <span class='ocrx_word' id='word_1_42' title='bbox 2084 376 2176 417; x_wconf 90' lang='lat' dir='ltr'><strong><em>luna</em></strong></span> <span class='ocrx_word' id='word_1_43' title='bbox 2188 376 2246 428; x_wconf 78' lang='lat'><strong><em>¹⁵)</em></strong></span> 
     </span>
     <span class='ocr_line' id='line_1_7' title="bbox 93 432 2245 491; baseline -0.006 -6"><span class='ocrx_word' id='word_1_44' title='bbox 93 454 139 484; x_wconf 90' lang='lat' dir='ltr'><strong><em>se</em></strong></span> <span class='ocrx_word' id='word_1_45' title='bbox 167 442 241 484; x_wconf 90' lang='lat' dir='ltr'><strong><em>sibi</em></strong></span> <span class='ocrx_word' id='word_1_46' title='bbox 271 441 447 483; x_wconf 91' lang='lat' dir='ltr'><strong><em>obicerit.</em></strong></span> <span class='ocrx_word' id='word_1_47' title='bbox 475 461 531 469; x_wconf 93' lang='lat'><strong><em>--</em></strong></span> <span class='ocrx_word' id='word_1_48' title='bbox 565 438 730 482; x_wconf 83' lang='lat' dir='ltr'><strong><em>Varios,</em></strong></span> <span class='ocrx_word' id='word_1_49' title='bbox 762 439 853 491; x_wconf 89' lang='lat' dir='ltr'><strong><em>quia</em></strong></span> <span class='ocrx_word' id='word_1_50' title='bbox 880 450 961 479; x_wconf 91' lang='lat' dir='ltr'><strong><em>non</em></strong></span> <span class='ocrx_word' id='word_1_51' title='bbox 989 450 1069 479; x_wconf 91' lang='lat' dir='ltr'><strong><em>uno</em></strong></span> <span class='ocrx_word' id='word_1_52' title='bbox 1100 438 1231 480; x_wconf 87' lang='lat' dir='ltr'><strong><em>modo.</em></strong></span> <span class='ocrx_word' id='word_1_53' title='bbox 1289 435 1513 488; x_wconf 83' lang='lat' dir='ltr'><strong><em>Lunaeque</em></strong></span> <span class='ocrx_word' id='word_1_54' title='bbox 1541 433 1704 474; x_wconf 83' lang='lat' dir='ltr'><strong><em>labores</em></strong></span> <span class='ocrx_word' id='word_1_55' title='bbox 1733 434 1796 475; x_wconf 91' lang='lat' dir='ltr'><strong><em>vel</em></strong></span> <span class='ocrx_word' id='word_1_56' title='bbox 1825 443 2004 484; x_wconf 89' lang='lat' dir='ltr'><strong><em>errores,</em></strong></span> <span class='ocrx_word' id='word_1_57' title='bbox 2045 432 2135 485; x_wconf 87' lang='lat' dir='ltr'><strong><em>quia</em></strong></span> <span class='ocrx_word' id='word_1_58' title='bbox 2162 443 2245 473; x_wconf 84' lang='lat' dir='ltr'><strong><em>non</em></strong></span> 
     </span>
     <span class='ocr_line' id='line_1_8' title="bbox 93 492 1070 545; baseline -0.008 -2"><span class='ocrx_word' id='word_1_59' title='bbox 93 499 158 542; x_wconf 80' lang='lat' dir='ltr'><strong><em>via</em></strong></span> <span class='ocrx_word' id='word_1_60' title='bbox 184 502 295 541; x_wconf 83' lang='lat' dir='ltr'><strong><em>recta</em></strong></span> <span class='ocrx_word' id='word_1_61' title='bbox 323 495 489 545; x_wconf 83' lang='lat' dir='ltr'><strong><em>incedit,</em></strong></span> <span class='ocrx_word' id='word_1_62' title='bbox 519 493 582 534; x_wconf 91' lang='lat' dir='ltr'><strong><em>vel</em></strong></span> <span class='ocrx_word' id='word_1_63' title='bbox 611 492 791 534; x_wconf 85' lang='lat' dir='ltr'><strong><em>defectus</em></strong></span> <span class='ocrx_word' id='word_1_64' title='bbox 820 494 937 534; x_wconf 90' lang='lat' dir='ltr'><strong><em>lunae</em></strong></span> <span class='ocrx_word' id='word_1_65' title='bbox 965 493 1070 536; x_wconf 87' lang='lat' dir='ltr'><strong><em>dicit.</em></strong></span> 
     </span>
    </p>

    <p class='ocr_par' dir='ltr' id='par_1_5' title="bbox 92 541 2247 825">
     <span class='ocr_line' id='line_1_9' title="bbox 227 541 2245 599; baseline -0.006 -5"><span class='ocrx_word' id='word_1_66' title='bbox 227 553 293 595; x_wconf 90' lang='lat' dir='ltr'><strong><em>Vs.</em></strong></span> <span class='ocrx_word' id='word_1_67' title='bbox 324 549 419 593; x_wconf 86' lang='lat'><strong><em>479.</em></strong></span> <span class='ocrx_word' id='word_1_68' title='bbox 484 548 603 591; x_wconf 81' lang='lat' dir='ltr'><strong><em>Unde</em></strong></span> <span class='ocrx_word' id='word_1_69' title='bbox 639 553 791 588; x_wconf 89' lang='lat' dir='ltr'><strong><em>tremor</em></strong></span> <span class='ocrx_word' id='word_1_70' title='bbox 819 549 965 594; x_wconf 83' lang='lat' dir='ltr'><strong><em>terris,</em></strong></span> <span class='ocrx_word' id='word_1_71' title='bbox 1004 550 1069 590; x_wconf 91' lang='lat' dir='ltr'><strong><em>alii</em></strong></span> <span class='ocrx_word' id='word_1_72' title='bbox 1099 548 1256 599; x_wconf 90' lang='lat' dir='ltr'><strong><em>dicunt,</em></strong></span> <span class='ocrx_word' id='word_1_73' title='bbox 1295 551 1455 588; x_wconf 87' lang='lat' dir='ltr'><strong><em>ventum</em></strong></span> <span class='ocrx_word' id='word_1_74' title='bbox 1495 556 1586 587; x_wconf 90' lang='lat' dir='ltr'><strong><em>esse</em></strong></span> <span class='ocrx_word' id='word_1_75' title='bbox 1619 545 1659 586; x_wconf 92' lang='lat' dir='ltr'><strong><em>in</em></strong></span> <span class='ocrx_word' id='word_1_76' title='bbox 1699 543 1948 592; x_wconf 81' lang='lat' dir='ltr'><strong><em>concavis¹⁶)</em></strong></span> <span class='ocrx_word' id='word_1_77' title='bbox 1989 547 2140 593; x_wconf 87' lang='lat' dir='ltr'><strong><em>terrae,</em></strong></span> <span class='ocrx_word' id='word_1_78' title='bbox 2179 541 2245 594; x_wconf 88' lang='lat' dir='ltr'><strong><em>qui</em></strong></span> 
     </span>
     <span class='ocr_line' id='line_1_10' title="bbox 92 600 2244 656; baseline -0.007 -5"><span class='ocrx_word' id='word_1_79' title='bbox 92 612 264 651; x_wconf 81' lang='lat' dir='ltr'><strong><em>metatus</em></strong></span> <span class='ocrx_word' id='word_1_80' title='bbox 284 607 400 648; x_wconf 88' lang='lat' dir='ltr'><strong><em>etiam</em></strong></span> <span class='ocrx_word' id='word_1_81' title='bbox 428 610 570 646; x_wconf 90' lang='lat' dir='ltr'><strong><em>terram</em></strong></span> <span class='ocrx_word' id='word_1_82' title='bbox 591 610 723 646; x_wconf 84' lang='lat' dir='ltr'><strong><em>movet</em></strong></span> <span class='ocrx_word' id='word_1_83' title='bbox 731 618 743 656; x_wconf 80' lang='lat'>3</span> <span class='ocrx_word' id='word_1_84' title='bbox 773 607 997 645; x_wconf 63' lang='lat' dir='ltr'><strong><em>Snusrms</em></strong></span> <span class='ocrx_word' id='word_1_85' title='bbox 1018 604 1111 646; x_wconf 90' lang='lat' dir='ltr'><strong><em>dicit</em></strong></span> <span class='ocrx_word' id='word_1_86' title='bbox 1130 604 1236 645; x_wconf 89' lang='lat' dir='ltr'><strong><em>venti</em></strong></span> <span class='ocrx_word' id='word_1_87' title='bbox 1253 615 1324 656; x_wconf 87' lang='lat' dir='ltr'><strong><em>per</em></strong></span> <span class='ocrx_word' id='word_1_88' title='bbox 1342 614 1438 644; x_wconf 88' lang='lat' dir='ltr'><strong><em>cava</em></strong></span> <span class='ocrx_word' id='word_1_89' title='bbox 1457 605 1587 642; x_wconf 88' lang='lat' dir='ltr'><strong><em>terrae</em></strong></span> <span class='ocrx_word' id='word_1_90' title='bbox 1607 600 1804 649; x_wconf 82' lang='lat' dir='ltr'><strong><em>citati¹⁷);</em></strong></span> <span class='ocrx_word' id='word_1_91' title='bbox 1833 600 2085 646; x_wconf 60' lang='lat' dir='ltr'><strong><em>Lucsuusss)</em></strong></span> <span class='ocrx_word' id='word_1_92' title='bbox 2115 608 2244 649; x_wconf 87' lang='lat' dir='ltr'><strong><em>quae-</em></strong></span> 
     </span>
     <span class='ocr_line' id='line_1_11' title="bbox 92 652 2246 714; baseline -0.005 -10"><span class='ocrx_word' id='word_1_93' title='bbox 92 668 246 704; x_wconf 87' lang='lat' dir='ltr'><strong><em>rentem</em></strong></span> <span class='ocrx_word' id='word_1_94' title='bbox 276 673 483 714; x_wconf 83' lang='lat' dir='ltr'><strong><em>erumpere</em></strong></span> <span class='ocrx_word' id='word_1_95' title='bbox 508 666 668 702; x_wconf 89' lang='lat' dir='ltr'><strong><em>ventum</em></strong></span> <span class='ocrx_word' id='word_1_96' title='bbox 700 660 887 710; x_wconf 85' lang='lat' dir='ltr'><strong><em>credidit3</em></strong></span> <span class='ocrx_word' id='word_1_97' title='bbox 917 660 981 703; x_wconf 89' lang='lat' dir='ltr'><strong><em>alii</em></strong></span> <span class='ocrx_word' id='word_1_98' title='bbox 1012 672 1154 712; x_wconf 84' lang='lat' dir='ltr'><strong><em>aquam</em></strong></span> <span class='ocrx_word' id='word_1_99' title='bbox 1176 659 1310 700; x_wconf 90' lang='lat' dir='ltr'><strong><em>dicunt</em></strong></span> <span class='ocrx_word' id='word_1_100' title='bbox 1337 657 1546 712; x_wconf 78' lang='lat' dir='ltr'><strong><em>genitalem</em></strong></span> <span class='ocrx_word' id='word_1_101' title='bbox 1567 655 1640 697; x_wconf 88' lang='lat' dir='ltr'><strong><em>sub</em></strong></span> <span class='ocrx_word' id='word_1_102' title='bbox 1662 655 1774 696; x_wconf 86' lang='lat' dir='ltr'><strong><em>terris</em></strong></span> <span class='ocrx_word' id='word_1_103' title='bbox 1795 654 1943 695; x_wconf 87' lang='lat' dir='ltr'><strong><em>moveri</em></strong></span> <span class='ocrx_word' id='word_1_104' title='bbox 1974 658 2013 694; x_wconf 92' lang='lat' dir='ltr'><strong><em>et</em></strong></span> <span class='ocrx_word' id='word_1_105' title='bbox 2042 664 2109 694; x_wconf 89' lang='lat' dir='ltr'><strong><em>eas</em></strong></span> <span class='ocrx_word' id='word_1_106' title='bbox 2130 652 2246 693; x_wconf 92' lang='lat' dir='ltr'><strong><em>simul</em></strong></span> 
     </span>
     <span class='ocr_line' id='line_1_12' title="bbox 95 706 2247 768; baseline -0.006 -9"><span class='ocrx_word' id='word_1_107' title='bbox 95 720 375 765; x_wconf 67' lang='lat' dir='ltr'><strong><em>concuterew)</em></strong></span> <span class='ocrx_word' id='word_1_108' title='bbox 407 717 510 758; x_wconf 90' lang='lat' dir='ltr'><strong><em>sicut</em></strong></span> <span class='ocrx_word' id='word_1_109' title='bbox 537 728 642 756; x_wconf 89' lang='lat' dir='ltr'><strong><em>vasa.</em></strong></span> <span class='ocrx_word' id='word_1_110' title='bbox 663 739 718 746; x_wconf 86' lang='lat'><strong><em>--</em></strong></span> <span class='ocrx_word' id='word_1_111' title='bbox 752 715 846 760; x_wconf 80' lang='lat' dir='ltr'><strong><em>Qua</em></strong></span> <span class='ocrx_word' id='word_1_112' title='bbox 875 715 916 755; x_wconf 79' lang='lat' dir='ltr'><strong><em>vi</em></strong></span> <span class='ocrx_word' id='word_1_113' title='bbox 946 720 984 756; x_wconf 89' lang='lat' dir='ltr'><strong><em>et</em></strong></span> <span class='ocrx_word' id='word_1_114' title='bbox 1012 716 1183 768; x_wconf 88' lang='lat' dir='ltr'><strong><em>reliqua,</em></strong></span> <span class='ocrx_word' id='word_1_115' title='bbox 1215 714 1279 755; x_wconf 90' lang='lat' dir='ltr'><strong><em>alii</em></strong></span> <span class='ocrx_word' id='word_1_116' title='bbox 1307 713 1365 754; x_wconf 91' lang='lat' dir='ltr'><strong><em>sic</em></strong></span> <span class='ocrx_word' id='word_1_117' title='bbox 1394 712 1589 765; x_wconf 88' lang='lat' dir='ltr'><strong><em>accipiunt</em></strong></span> <span class='ocrx_word' id='word_1_118' title='bbox 1618 710 1794 752; x_wconf 88' lang='lat' dir='ltr'><strong>obicibus</strong></span> <span class='ocrx_word' id='word_1_119' title='bbox 1823 710 1949 762; x_wconf 90' lang='lat' dir='ltr'><strong><em>ruptis</em></strong></span> <span class='ocrx_word' id='word_1_120' title='bbox 1978 708 2017 749; x_wconf 89' lang='lat' dir='ltr'><strong><em>id</em></strong></span> <span class='ocrx_word' id='word_1_121' title='bbox 2048 712 2107 749; x_wconf 88' lang='lat' dir='ltr'><strong><em>est</em></strong></span> <span class='ocrx_word' id='word_1_122' title='bbox 2128 706 2247 760; x_wconf 83' lang='lat' dir='ltr'><strong><em>Calpe</em></strong></span> 
     </span>
     <span class='ocr_line' id='line_1_13' title="bbox 93 770 1308 825; baseline -0.004 -10"><span class='ocrx_word' id='word_1_123' title='bbox 93 778 132 816; x_wconf 85' lang='lat' dir='ltr'><strong><em>et</em></strong></span> <span class='ocrx_word' id='word_1_124' title='bbox 159 772 404 820; x_wconf 67' lang='lat' dir='ltr'><strong><em>Avenumw)</em></strong></span> <span class='ocrx_word' id='word_1_125' title='bbox 436 773 635 813; x_wconf 89' lang='lat' dir='ltr'><strong><em>montibus</em></strong></span> <span class='ocrx_word' id='word_1_126' title='bbox 665 771 877 825; x_wconf 84' lang='lat' dir='ltr'>Hispaniae</span> <span class='ocrx_word' id='word_1_127' title='bbox 906 775 945 812; x_wconf 90' lang='lat' dir='ltr'><strong><em>et</em></strong></span> <span class='ocrx_word' id='word_1_128' title='bbox 972 770 1308 818; x_wconf 62' lang='lat' dir='ltr'><strong><em>Mauritaniaeffl).</em></strong></span> 
     </span>
    </p>

    <p class='ocr_par' dir='ltr' id='par_1_6' title="bbox 225 823 1372 877">
     <span class='ocr_line' id='line_1_14' title="bbox 225 823 1372 877; baseline -0.003 -9"><span class='ocrx_word' id='word_1_129' title='bbox 225 827 293 868; x_wconf 92' lang='lat' dir='ltr'><strong><em>Vs.</em></strong></span> <span class='ocrx_word' id='word_1_130' title='bbox 323 825 418 868; x_wconf 88' lang='lat'><strong><em>480.</em></strong></span> <span class='ocrx_word' id='word_1_131' title='bbox 477 826 730 877; x_wconf 81' lang='lat' dir='ltr'><strong><em>Rursus²²)‚</em></strong></span> <span class='ocrx_word' id='word_1_132' title='bbox 767 837 953 868; x_wconf 83' lang='lat' dir='ltr'><strong><em>accessus</em></strong></span> <span class='ocrx_word' id='word_1_133' title='bbox 984 830 1023 866; x_wconf 89' lang='lat' dir='ltr'><strong><em>et</em></strong></span> <span class='ocrx_word' id='word_1_134' title='bbox 1052 834 1238 866; x_wconf 86' lang='lat' dir='ltr'><strong><em>recessus</em></strong></span> <span class='ocrx_word' id='word_1_135' title='bbox 1268 823 1372 865; x_wconf 85' lang='lat' dir='ltr'><strong><em>dicit.</em></strong></span> 
     </span>
    </p>

    <p class='ocr_par' dir='ltr' id='par_1_7' title="bbox 94 874 2258 1045">
     <span class='ocr_line' id='line_1_15' title="bbox 226 874 2246 929; baseline -0.006 -5"><span class='ocrx_word' id='word_1_136' title='bbox 226 883 294 924; x_wconf 90' lang='lat' dir='ltr'><strong><em>Vs.</em></strong></span> <span class='ocrx_word' id='word_1_137' title='bbox 325 881 418 924; x_wconf 85' lang='lat'><strong><em>482.</em></strong></span> <span class='ocrx_word' id='word_1_138' title='bbox 478 881 680 927; x_wconf 74' lang='lat' dir='ltr'><strong><em>Hiberni,</em></strong></span> <span class='ocrx_word' id='word_1_139' title='bbox 711 882 863 924; x_wconf 88' lang='lat' dir='ltr'><strong><em>hiberni</em></strong></span> <span class='ocrx_word' id='word_1_140' title='bbox 891 881 1005 922; x_wconf 89' lang='lat' dir='ltr'><strong><em>nohis</em></strong></span> <span class='ocrx_word' id='word_1_141' title='bbox 1037 893 1125 921; x_wconf 90' lang='lat' dir='ltr'><strong><em>cum</em></strong></span> <span class='ocrx_word' id='word_1_142' title='bbox 1157 885 1248 920; x_wconf 90' lang='lat' dir='ltr'><strong><em>sunt</em></strong></span> <span class='ocrx_word' id='word_1_143' title='bbox 1277 880 1382 920; x_wconf 88' lang='lat' dir='ltr'><strong><em>soles</em></strong></span> <span class='ocrx_word' id='word_1_144' title='bbox 1396 880 1480 928; x_wconf 81' lang='lat'><strong><em>²³),</em></strong></span> <span class='ocrx_word' id='word_1_145' title='bbox 1520 875 1715 929; x_wconf 88' lang='lat' dir='ltr'><strong><em>antipodis</em></strong></span> <span class='ocrx_word' id='word_1_146' title='bbox 1744 874 1892 916; x_wconf 85' lang='lat' dir='ltr'><strong><em>nostris</em></strong></span> <span class='ocrx_word' id='word_1_147' title='bbox 1923 874 2115 926; x_wconf 88' lang='lat' dir='ltr'><strong><em>[aestivi],</em></strong></span> <span class='ocrx_word' id='word_1_148' title='bbox 2155 885 2246 912; x_wconf 88' lang='lat' dir='ltr'><strong><em>nam</em></strong></span> 
     </span>
     <span class='ocr_line' id='line_1_16' title="bbox 94 928 2245 992; baseline -0.006 -13"><span class='ocrx_word' id='word_1_149' title='bbox 94 938 162 991; x_wconf 88' lang='lat' dir='ltr'><strong><em>qui</em></strong></span> <span class='ocrx_word' id='word_1_150' title='bbox 191 938 400 992; x_wconf 83' lang='lat' dir='ltr'><strong><em>sphaeram</em></strong></span> <span class='ocrx_word' id='word_1_151' title='bbox 430 939 672 991; x_wconf 83' lang='lat' dir='ltr'><strong><em>scripserant</em></strong></span> <span class='ocrx_word' id='word_1_152' title='bbox 701 937 855 978; x_wconf 84' lang='lat' dir='ltr'><strong><em>diversa</em></strong></span> <span class='ocrx_word' id='word_1_153' title='bbox 868 939 925 985; x_wconf 68' lang='grc'><strong><em>24)</em></strong></span> <span class='ocrx_word' id='word_1_154' title='bbox 963 936 1078 976; x_wconf 89' lang='lat' dir='ltr'><strong><em>nobis</em></strong></span> <span class='ocrx_word' id='word_1_155' title='bbox 1107 946 1181 975; x_wconf 90' lang='lat' dir='ltr'><strong><em>nos</em></strong></span> <span class='ocrx_word' id='word_1_156' title='bbox 1218 935 1266 976; x_wconf 91' lang='lat' dir='ltr'><strong><em>ab</em></strong></span> <span class='ocrx_word' id='word_1_157' title='bbox 1294 934 1370 974; x_wconf 92' lang='lat' dir='ltr'><strong><em>illis</em></strong></span> <span class='ocrx_word' id='word_1_158' title='bbox 1400 944 1481 973; x_wconf 90' lang='lat' dir='ltr'><strong><em>uno</em></strong></span> <span class='ocrx_word' id='word_1_159' title='bbox 1511 936 1689 984; x_wconf 88' lang='lat' dir='ltr'><strong><em>tempore</em></strong></span> <span class='ocrx_word' id='word_1_160' title='bbox 1717 931 1797 984; x_wconf 87' lang='lat' dir='ltr'><strong><em>pati</em></strong></span> <span class='ocrx_word' id='word_1_161' title='bbox 1829 929 1985 980; x_wconf 89' lang='lat' dir='ltr'><strong><em>dicunt,</em></strong></span> <span class='ocrx_word' id='word_1_162' title='bbox 2023 940 2112 970; x_wconf 90' lang='lat' dir='ltr'><strong><em>cum</em></strong></span> <span class='ocrx_word' id='word_1_163' title='bbox 2143 928 2245 968; x_wconf 87' lang='lat' dir='ltr'><strong><em>enim</em></strong></span> 
     </span>
     <span class='ocr_line' id='line_1_17' title="bbox 95 982 2258 1045; baseline -0.006 -9"><span class='ocrx_word' id='word_1_164' title='bbox 95 994 157 1037; x_wconf 84' lang='lat' dir='ltr'><strong><em>sol</em></strong></span> <span class='ocrx_word' id='word_1_165' title='bbox 185 995 271 1035; x_wconf 88' lang='lat' dir='ltr'><strong><em>sive</em></strong></span> <span class='ocrx_word' id='word_1_166' title='bbox 297 993 413 1034; x_wconf 92' lang='lat' dir='ltr'><strong><em>huius</em></strong></span> <span class='ocrx_word' id='word_1_167' title='bbox 443 993 555 1033; x_wconf 89' lang='lat' dir='ltr'><strong><em>modi</em></strong></span> <span class='ocrx_word' id='word_1_168' title='bbox 578 995 663 1034; x_wconf 91' lang='lat' dir='ltr'><strong><em>sive</em></strong></span> <span class='ocrx_word' id='word_1_169' title='bbox 689 993 793 1033; x_wconf 89' lang='lat' dir='ltr'><strong><em>illius</em></strong></span> <span class='ocrx_word' id='word_1_170' title='bbox 824 991 1074 1041; x_wconf 81' lang='lat' dir='ltr'><strong><em>excedit²⁵),</em></strong></span> <span class='ocrx_word' id='word_1_171' title='bbox 1103 991 1287 1045; x_wconf 83' lang='lat' dir='ltr'><strong><em>regiones</em></strong></span> <span class='ocrx_word' id='word_1_172' title='bbox 1318 993 1518 1029; x_wconf 87' lang='lat' dir='ltr'><strong><em>motantur</em></strong></span> <span class='ocrx_word' id='word_1_173' title='bbox 1546 987 1774 1028; x_wconf 87' lang='lat' dir='ltr'><strong><em>diversitate</em></strong></span> <span class='ocrx_word' id='word_1_174' title='bbox 1804 985 1985 1026; x_wconf 89' lang='lat' dir='ltr'><strong><em>cardinis.</em></strong></span> <span class='ocrx_word' id='word_1_175' title='bbox 2253 982 2258 983; x_wconf 49' lang='lat'><em>⁷</em></span> 
     </span>
    </p>

    <p class='ocr_par' dir='ltr' id='par_1_8' title="bbox 93 1039 2246 1213">
     <span class='ocr_line' id='line_1_18' title="bbox 226 1039 2244 1101; baseline -0.006 -11"><span class='ocrx_word' id='word_1_176' title='bbox 226 1049 293 1089; x_wconf 89' lang='lat' dir='ltr'><strong><em>Vs.</em></strong></span> <span class='ocrx_word' id='word_1_177' title='bbox 324 1047 420 1090; x_wconf 89' lang='grc'>484.</span> <span class='ocrx_word' id='word_1_178' title='bbox 478 1047 684 1101; x_wconf 76' lang='lat' dir='ltr'><strong><em>Friyz&#39;dus</em></strong></span> <span class='ocrx_word' id='word_1_179' title='bbox 715 1046 950 1092; x_wconf 82' lang='lat' dir='ltr'><strong><em>obstiterit,</em></strong></span> <span class='ocrx_word' id='word_1_180' title='bbox 980 1059 1085 1087; x_wconf 90' lang='lat' dir='ltr'><strong><em>nunc</em></strong></span> <span class='ocrx_word' id='word_1_181' title='bbox 1106 1045 1324 1087; x_wconf 90' lang='lat' dir='ltr'><strong><em>secundum</em></strong></span> <span class='ocrx_word' id='word_1_182' title='bbox 1353 1043 1609 1098; x_wconf 88' lang='lat' dir='ltr'><strong><em>philosophos</em></strong></span> <span class='ocrx_word' id='word_1_183' title='bbox 1639 1041 1833 1094; x_wconf 86' lang='lat' dir='ltr'><strong><em>loquitur,</em></strong></span> <span class='ocrx_word' id='word_1_184' title='bbox 1863 1040 1930 1093; x_wconf 87' lang='lat' dir='ltr'><strong><em>qui</em></strong></span> <span class='ocrx_word' id='word_1_185' title='bbox 1950 1039 2083 1080; x_wconf 92' lang='lat' dir='ltr'><strong><em>dicunt</em></strong></span> <span class='ocrx_word' id='word_1_186' title='bbox 2102 1039 2244 1080; x_wconf 90' lang='lat' dir='ltr'><strong><em>stultos</em></strong></span> 
     </span>
     <span class='ocr_line' id='line_1_19' title="bbox 95 1094 2246 1158; baseline -0.006 -13"><span class='ocrx_word' id='word_1_187' title='bbox 95 1114 186 1146; x_wconf 84' lang='lat' dir='ltr'><strong><em>esse</em></strong></span> <span class='ocrx_word' id='word_1_188' title='bbox 213 1103 391 1145; x_wconf 87' lang='lat' dir='ltr'><strong><em>homines</em></strong></span> <span class='ocrx_word' id='word_1_189' title='bbox 429 1103 645 1157; x_wconf 88' lang='lat' dir='ltr'><strong><em>frigidioris</em></strong></span> <span class='ocrx_word' id='word_1_190' title='bbox 675 1103 893 1158; x_wconf 88' lang='lat' dir='ltr'><strong><em>sanguiniS,</em></strong></span> <span class='ocrx_word' id='word_1_191' title='bbox 922 1102 1134 1156; x_wconf 72' lang='lat' dir='ltr'><strong><em>prudentes</em></strong></span> <span class='ocrx_word' id='word_1_192' title='bbox 1167 1101 1300 1151; x_wconf 90' lang='lat' dir='ltr'><strong><em>calidi,</em></strong></span> <span class='ocrx_word' id='word_1_193' title='bbox 1329 1099 1436 1140; x_wconf 89' lang='lat' dir='ltr'><strong><em>unde</em></strong></span> <span class='ocrx_word' id='word_1_194' title='bbox 1466 1100 1619 1149; x_wconf 88' lang='lat' dir='ltr'><strong><em>[senes‚</em></strong></span> <span class='ocrx_word' id='word_1_195' title='bbox 1658 1097 1697 1138; x_wconf 89' lang='lat' dir='ltr'><strong><em>in</em></strong></span> <span class='ocrx_word' id='word_1_196' title='bbox 1736 1096 1892 1148; x_wconf 76' lang='lat' dir='ltr'><strong><em>quibus}</em></strong></span> <span class='ocrx_word' id='word_1_197' title='bbox 1933 1096 2075 1145; x_wconf 75' lang='lat' dir='ltr'><strong><em>iam²⁶&gt;</em></strong></span> <span class='ocrx_word' id='word_1_198' title='bbox 2111 1094 2246 1148; x_wconf 87' lang='lat' dir='ltr'><strong><em>friget,</em></strong></span> 
     </span>
     <span class='ocr_line' id='line_1_20' title="bbox 93 1151 1912 1213; baseline -0.007 -12"><span class='ocrx_word' id='word_1_199' title='bbox 93 1163 133 1201; x_wconf 85' lang='lat' dir='ltr'><strong><em>et</em></strong></span> <span class='ocrx_word' id='word_1_200' title='bbox 157 1160 291 1213; x_wconf 86' lang='lat' dir='ltr'><strong><em>pueri,</em></strong></span> <span class='ocrx_word' id='word_1_201' title='bbox 322 1161 362 1200; x_wconf 91' lang='lat' dir='ltr'><strong><em>in</em></strong></span> <span class='ocrx_word' id='word_1_202' title='bbox 392 1159 533 1211; x_wconf 86' lang='lat' dir='ltr'><strong><em>quibus</em></strong></span> <span class='ocrx_word' id='word_1_203' title='bbox 562 1158 730 1200; x_wconf 89' lang='lat' dir='ltr'><strong><em>necdum</em></strong></span> <span class='ocrx_word' id='word_1_204' title='bbox 760 1158 879 1208; x_wconf 88' lang='lat' dir='ltr'><strong><em>calet,</em></strong></span> <span class='ocrx_word' id='word_1_205' title='bbox 910 1157 1039 1198; x_wconf 90' lang='lat' dir='ltr'><strong><em>minus</em></strong></span> <span class='ocrx_word' id='word_1_206' title='bbox 1069 1158 1235 1210; x_wconf 82' lang='lat' dir='ltr'><strong><em>sapiunt.</em></strong></span> <span class='ocrx_word' id='word_1_207' title='bbox 1264 1177 1318 1185; x_wconf 82' lang='lat'>-</span> <span class='ocrx_word' id='word_1_208' title='bbox 1353 1153 1597 1198; x_wconf 79' lang='lat' dir='ltr'><strong><em>Obstiterit,</em></strong></span> <span class='ocrx_word' id='word_1_209' title='bbox 1629 1154 1720 1205; x_wconf 87' lang='lat' dir='ltr'><strong><em>quia</em></strong></span> <span class='ocrx_word' id='word_1_210' title='bbox 1750 1151 1912 1192; x_wconf 84' lang='lat' dir='ltr'><strong><em>obstitit.</em></strong></span> 
     </span>
    </p>

    <p class='ocr_par' dir='ltr' id='par_1_9' title="bbox 92 1203 2245 1324">
     <span class='ocr_line' id='line_1_21' title="bbox 227 1203 2245 1262; baseline -0.005 -8"><span class='ocrx_word' id='word_1_211' title='bbox 227 1215 294 1255; x_wconf 89' lang='lat' dir='ltr'><strong><em>Vs.</em></strong></span> <span class='ocrx_word' id='word_1_212' title='bbox 322 1212 418 1256; x_wconf 85' lang='grc'>485.</span> <span class='ocrx_word' id='word_1_213' title='bbox 480 1213 598 1253; x_wconf 83' lang='lat' dir='ltr'><strong><em>Rura</em></strong></span> <span class='ocrx_word' id='word_1_214' title='bbox 627 1213 750 1259; x_wconf 72' lang='lat' dir='ltr'><strong><em>milti,</em></strong></span> <span class='ocrx_word' id='word_1_215' title='bbox 780 1213 1015 1254; x_wconf 77' lang='lat' dir='ltr'><strong><em>intermissis</em></strong></span> <span class='ocrx_word' id='word_1_216' title='bbox 1045 1213 1119 1253; x_wconf 92' lang='lat' dir='ltr'><strong><em>illis</em></strong></span> <span class='ocrx_word' id='word_1_217' title='bbox 1148 1216 1355 1253; x_wconf 88' lang='lat' dir='ltr'><strong><em>runtamen</em></strong></span> <span class='ocrx_word' id='word_1_218' title='bbox 1383 1209 1461 1251; x_wconf 88' lang='lat' dir='ltr'><strong><em>fine</em></strong></span> <span class='ocrx_word' id='word_1_219' title='bbox 1488 1210 1617 1262; x_wconf 88' lang='lat' dir='ltr'><strong><em>aliqua</em></strong></span> <span class='ocrx_word' id='word_1_220' title='bbox 1646 1206 1830 1261; x_wconf 88' lang='lat' dir='ltr'><strong><em>superbia</em></strong></span> <span class='ocrx_word' id='word_1_221' title='bbox 1859 1204 2083 1247; x_wconf 88' lang='lat' dir='ltr'><strong><em>intermissa</em></strong></span> <span class='ocrx_word' id='word_1_222' title='bbox 2110 1203 2245 1257; x_wconf 90' lang='lat' dir='ltr'><strong><em>philo-</em></strong></span> 
     </span>
     <span class='ocr_line' id='line_1_22' title="bbox 92 1267 1133 1324; baseline -0.004 -13"><span class='ocrx_word' id='word_1_223' title='bbox 92 1269 244 1324; x_wconf 89' lang='lat' dir='ltr'><strong><em>sophia.</em></strong></span> <span class='ocrx_word' id='word_1_224' title='bbox 276 1291 331 1298; x_wconf 96' lang='lat'><strong>—</strong></span> <span class='ocrx_word' id='word_1_225' title='bbox 362 1269 517 1321; x_wconf 72' lang='lat' dir='ltr'><strong><em>Rz&#39;fflcz’,</em></strong></span> <span class='ocrx_word' id='word_1_226' title='bbox 551 1270 657 1321; x_wconf 89' lang='lat' dir='ltr'><strong><em>quod</em></strong></span> <span class='ocrx_word' id='word_1_227' title='bbox 680 1269 970 1317; x_wconf 77' lang='lat' dir='ltr'><strong><em>incessabiliter</em></strong></span> <span class='ocrx_word' id='word_1_228' title='bbox 998 1267 1133 1307; x_wconf 88' lang='lat' dir='ltr'><strong><em>fluant.</em></strong></span> 
     </span>
    </p>

    <p class='ocr_par' dir='ltr' id='par_1_10' title="bbox 224 1315 2244 1377">
     <span class='ocr_line' id='line_1_23' title="bbox 224 1315 2244 1377; baseline -0.006 -12"><span class='ocrx_word' id='word_1_229' title='bbox 224 1325 292 1365; x_wconf 93' lang='lat' dir='ltr'><strong><em>Vs.</em></strong></span> <span class='ocrx_word' id='word_1_230' title='bbox 322 1323 418 1366; x_wconf 87' lang='lat'><strong><em>486.</em></strong></span> <span class='ocrx_word' id='word_1_231' title='bbox 477 1323 705 1376; x_wconf 66' lang='lat' dir='ltr'><strong><em>hydor-ius,</em></strong></span> <span class='ocrx_word' id='word_1_232' title='bbox 735 1324 848 1364; x_wconf 90' lang='lat' dir='ltr'><strong><em>valde</em></strong></span> <span class='ocrx_word' id='word_1_233' title='bbox 876 1324 1075 1377; x_wconf 87' lang='lat' dir='ltr'><strong><em>gloriosus</em></strong></span> <span class='ocrx_word' id='word_1_234' title='bbox 1105 1322 1168 1363; x_wconf 89' lang='lat' dir='ltr'><strong><em>vel</em></strong></span> <span class='ocrx_word' id='word_1_235' title='bbox 1194 1322 1435 1375; x_wconf 86' lang='lat' dir='ltr'><strong><em>ingloriosus</em></strong></span> <span class='ocrx_word' id='word_1_236' title='bbox 1464 1319 1578 1360; x_wconf 87' lang='lat' dir='ltr'><strong><em>valde</em></strong></span> <span class='ocrx_word' id='word_1_237' title='bbox 1607 1318 1821 1373; x_wconf 85' lang='lat' dir='ltr'><strong><em>gloriosus,</em></strong></span> <span class='ocrx_word' id='word_1_238' title='bbox 1852 1327 1933 1356; x_wconf 89' lang='lat' dir='ltr'><strong><em>non</em></strong></span> <span class='ocrx_word' id='word_1_239' title='bbox 1961 1316 2014 1356; x_wconf 87' lang='lat' dir='ltr'><strong><em>ita</em></strong></span> <span class='ocrx_word' id='word_1_240' title='bbox 2038 1315 2244 1369; x_wconf 87' lang='lat' dir='ltr'><strong><em>inglorius.</em></strong></span> 
     </span>
    </p>

    <p class='ocr_par' dir='ltr' id='par_1_11' title="bbox 92 1371 2244 1486">
     <span class='ocr_line' id='line_1_24' title="bbox 225 1371 2244 1432; baseline -0.006 -11"><span class='ocrx_word' id='word_1_241' title='bbox 225 1381 294 1421; x_wconf 89' lang='lat' dir='ltr'><strong><em>Vs.</em></strong></span> <span class='ocrx_word' id='word_1_242' title='bbox 323 1379 419 1421; x_wconf 87' lang='lat'><strong><em>487.</em></strong></span> <span class='ocrx_word' id='word_1_243' title='bbox 478 1380 701 1432; x_wconf 88' lang='lat' dir='ltr'><strong><em>Spercheus</em></strong></span> <span class='ocrx_word' id='word_1_244' title='bbox 731 1379 873 1420; x_wconf 87' lang='lat' dir='ltr'><strong><em>fluvius</em></strong></span> <span class='ocrx_word' id='word_1_245' title='bbox 904 1378 1144 1420; x_wconf 89' lang='lat' dir='ltr'><strong><em>Thessaliae.</em></strong></span> <span class='ocrx_word' id='word_1_246' title='bbox 1175 1401 1225 1407; x_wconf 92' lang='lat'><strong><em>-—</em></strong></span> <span class='ocrx_word' id='word_1_247' title='bbox 1270 1375 1331 1414; x_wconf 91' lang='lat' dir='ltr'><strong><em>Et</em></strong></span> <span class='ocrx_word' id='word_1_248' title='bbox 1360 1373 1592 1428; x_wconf 61' lang='lat' dir='ltr'><strong><em>virginibus</em></strong></span> <span class='ocrx_word' id='word_1_249' title='bbox 1624 1372 1849 1420; x_wconf 77' lang='lat' dir='ltr'><strong><em>bacchata,</em></strong></span> <span class='ocrx_word' id='word_1_250' title='bbox 1877 1372 1916 1411; x_wconf 90' lang='lat' dir='ltr'><strong><em>in</em></strong></span> <span class='ocrx_word' id='word_1_251' title='bbox 1946 1371 2088 1423; x_wconf 86' lang='lat' dir='ltr'><strong><em>quibus</em></strong></span> <span class='ocrx_word' id='word_1_252' title='bbox 2117 1371 2244 1423; x_wconf 86' lang='lat' dir='ltr'><strong><em>virgi-</em></strong></span> 
     </span>
     <span class='ocr_line' id='line_1_25' title="bbox 92 1426 1975 1486; baseline -0.007 -8"><span class='ocrx_word' id='word_1_253' title='bbox 92 1447 165 1479; x_wconf 85' lang='lat' dir='ltr'><strong><em>nes</em></strong></span> <span class='ocrx_word' id='word_1_254' title='bbox 177 1437 234 1486; x_wconf 64' lang='grc'><strong><em>27)</em></strong></span> <span class='ocrx_word' id='word_1_255' title='bbox 264 1435 479 1476; x_wconf 81' lang='lat' dir='ltr'><strong><em>bacchatae</em></strong></span> <span class='ocrx_word' id='word_1_256' title='bbox 508 1441 620 1485; x_wconf 85' lang='lat' dir='ltr'><strong><em>sunt3</em></strong></span> <span class='ocrx_word' id='word_1_257' title='bbox 652 1433 854 1474; x_wconf 76' lang='lat' dir='ltr'><strong><em>Lacaenis</em></strong></span> <span class='ocrx_word' id='word_1_258' title='bbox 882 1433 945 1474; x_wconf 92' lang='lat' dir='ltr'><strong><em>vel</em></strong></span> <span class='ocrx_word' id='word_1_259' title='bbox 973 1433 1214 1481; x_wconf 86' lang='lat' dir='ltr'><strong><em>Laconicae,</em></strong></span> <span class='ocrx_word' id='word_1_260' title='bbox 1245 1437 1284 1472; x_wconf 88' lang='lat' dir='ltr'><strong><em>et</em></strong></span> <span class='ocrx_word' id='word_1_261' title='bbox 1312 1431 1438 1485; x_wconf 86' lang='lat' dir='ltr'><strong><em>figura</em></strong></span> <span class='ocrx_word' id='word_1_262' title='bbox 1471 1435 1553 1481; x_wconf 84' lang='lat' dir='ltr'><strong><em>est,</em></strong></span> <span class='ocrx_word' id='word_1_263' title='bbox 1584 1434 1628 1470; x_wconf 88' lang='lat' dir='ltr'><strong><em>ut</em></strong></span> <span class='ocrx_word' id='word_1_264' title='bbox 1655 1432 1839 1468; x_wconf 62' lang='lat' dir='ltr'><strong><em>luximus</em></strong></span> <span class='ocrx_word' id='word_1_265' title='bbox 1869 1426 1975 1466; x_wconf 88' lang='lat' dir='ltr'><strong><em>dicit.</em></strong></span> 
     </span>
    </p>

    <p class='ocr_par' dir='ltr' id='par_1_12' title="bbox 81 1480 2245 1656">
     <span class='ocr_line' id='line_1_26' title="bbox 225 1480 2245 1544; baseline -0.006 -13"><span class='ocrx_word' id='word_1_266' title='bbox 225 1492 293 1532; x_wconf 92' lang='lat' dir='ltr'><strong><em>Vs.</em></strong></span> <span class='ocrx_word' id='word_1_267' title='bbox 324 1489 419 1532; x_wconf 85' lang='lat'><strong><em>488.</em></strong></span> <span class='ocrx_word' id='word_1_268' title='bbox 483 1488 739 1544; x_wconf 60' lang='lat' dir='ltr'><strong><em>Tayyetaw)</em></strong></span> <span class='ocrx_word' id='word_1_269' title='bbox 770 1500 883 1531; x_wconf 89' lang='lat' dir='ltr'><strong><em>mons</em></strong></span> <span class='ocrx_word' id='word_1_270' title='bbox 905 1494 943 1530; x_wconf 88' lang='lat' dir='ltr'><strong><em>et</em></strong></span> <span class='ocrx_word' id='word_1_271' title='bbox 971 1489 1107 1530; x_wconf 88' lang='lat' dir='ltr'><strong><em>civitas</em></strong></span> <span class='ocrx_word' id='word_1_272' title='bbox 1127 1487 1322 1528; x_wconf 89' lang='lat' dir='ltr'><strong><em>Laconiae</em></strong></span> <span class='ocrx_word' id='word_1_273' title='bbox 1349 1486 1388 1527; x_wconf 92' lang='lat' dir='ltr'><strong><em>id</em></strong></span> <span class='ocrx_word' id='word_1_274' title='bbox 1420 1490 1479 1526; x_wconf 91' lang='lat' dir='ltr'><strong><em>est</em></strong></span> <span class='ocrx_word' id='word_1_275' title='bbox 1497 1484 1688 1525; x_wconf 89' lang='lat' dir='ltr'><strong><em>Graeciae</em></strong></span> <span class='ocrx_word' id='word_1_276' title='bbox 1705 1482 1942 1536; x_wconf 81' lang='lat' dir='ltr'><strong><em>provinciae,</em></strong></span> <span class='ocrx_word' id='word_1_277' title='bbox 1975 1480 2024 1521; x_wconf 88' lang='lat' dir='ltr'><strong><em>de</em></strong></span> <span class='ocrx_word' id='word_1_278' title='bbox 2052 1492 2131 1533; x_wconf 88' lang='lat' dir='ltr'><strong><em>quo</em></strong></span> <span class='ocrx_word' id='word_1_279' title='bbox 2151 1492 2245 1521; x_wconf 84' lang='lat' dir='ltr'><strong><em>cre-</em></strong></span> 
     </span>
     <span class='ocr_line' id='line_1_27' title="bbox 93 1534 2244 1600; baseline -0.007 -11"><span class='ocrx_word' id='word_1_280' title='bbox 93 1546 190 1590; x_wconf 88' lang='lat' dir='ltr'><strong><em>dunt</em></strong></span> <span class='ocrx_word' id='word_1_281' title='bbox 220 1546 463 1587; x_wconf 88' lang='lat' dir='ltr'><strong><em>descendere</em></strong></span> <span class='ocrx_word' id='word_1_282' title='bbox 490 1546 722 1600; x_wconf 89' lang='lat' dir='ltr'><strong><em>Sperchium</em></strong></span> <span class='ocrx_word' id='word_1_283' title='bbox 749 1545 923 1597; x_wconf 84' lang='lat' dir='ltr'><strong><em>fluvium,</em></strong></span> <span class='ocrx_word' id='word_1_284' title='bbox 951 1543 1092 1585; x_wconf 86' lang='lat' dir='ltr'><strong><em>Libero</em></strong></span> <span class='ocrx_word' id='word_1_285' title='bbox 1123 1547 1163 1585; x_wconf 88' lang='lat' dir='ltr'><strong><em>et</em></strong></span> <span class='ocrx_word' id='word_1_286' title='bbox 1189 1542 1354 1584; x_wconf 87' lang='lat' dir='ltr'><strong><em>Bacchis</em></strong></span> <span class='ocrx_word' id='word_1_287' title='bbox 1384 1545 1655 1582; x_wconf 79' lang='lat' dir='ltr'><strong><em>consecratus,</em></strong></span> <span class='ocrx_word' id='word_1_288' title='bbox 1673 1559 1730 1567; x_wconf 89' lang='lat'><strong><em>--</em></strong></span> <span class='ocrx_word' id='word_1_289' title='bbox 1759 1536 1909 1576; x_wconf 83' lang='lat' dir='ltr'><strong><em>Haemi</em></strong></span> <span class='ocrx_word' id='word_1_290' title='bbox 1919 1538 1975 1585; x_wconf 84' lang='lat'><strong><em>²⁹)</em></strong></span> <span class='ocrx_word' id='word_1_291' title='bbox 2006 1534 2244 1585; x_wconf 77' lang='lat' dir='ltr'><strong><em>Thessaliae,</em></strong></span> 
     </span>
     <span class='ocr_line' id='line_1_28' title="bbox 81 1600 548 1656; baseline -0.009 -12"><span class='ocrx_word' id='word_1_292' title='bbox 81 1603 132 1645; x_wconf 88' lang='lat' dir='ltr'><strong><em>in</em></strong></span> <span class='ocrx_word' id='word_1_293' title='bbox 161 1614 239 1656; x_wconf 91' lang='lat' dir='ltr'><strong><em>qua</em></strong></span> <span class='ocrx_word' id='word_1_294' title='bbox 268 1606 360 1642; x_wconf 92' lang='lat' dir='ltr'><strong><em>sunt</em></strong></span> <span class='ocrx_word' id='word_1_295' title='bbox 390 1600 548 1652; x_wconf 80' lang='lat' dir='ltr'><strong><em>Tempe.</em></strong></span> 
     </span>
    </p>

    <p class='ocr_par' dir='ltr' id='par_1_13' title="bbox 93 1644 2247 1820">
     <span class='ocr_line' id='line_1_29' title="bbox 225 1644 2247 1708; baseline -0.007 -10"><span class='ocrx_word' id='word_1_296' title='bbox 225 1657 292 1698; x_wconf 89' lang='lat' dir='ltr'><strong><em>Vs.</em></strong></span> <span class='ocrx_word' id='word_1_297' title='bbox 321 1655 417 1698; x_wconf 83' lang='lat'><strong><em>490.</em></strong></span> <span class='ocrx_word' id='word_1_298' title='bbox 475 1655 605 1696; x_wconf 74' lang='lat' dir='ltr'><strong><em>Felix</em></strong></span> <span class='ocrx_word' id='word_1_299' title='bbox 634 1655 708 1708; x_wconf 78' lang='lat' dir='ltr'><strong><em>qui</em></strong></span> <span class='ocrx_word' id='word_1_300' title='bbox 733 1655 880 1707; x_wconf 83' lang='lat' dir='ltr'><strong><em>potuit</em></strong></span> <span class='ocrx_word' id='word_1_301' title='bbox 909 1657 948 1695; x_wconf 91' lang='lat' dir='ltr'><strong><em>et</em></strong></span> <span class='ocrx_word' id='word_1_302' title='bbox 975 1652 1140 1705; x_wconf 87' lang='lat' dir='ltr'><strong><em>reliqua,</em></strong></span> <span class='ocrx_word' id='word_1_303' title='bbox 1171 1652 1358 1705; x_wconf 86' lang='lat' dir='ltr'><strong><em>quoniam</em></strong></span> <span class='ocrx_word' id='word_1_304' title='bbox 1378 1650 1565 1705; x_wconf 85' lang='lat' dir='ltr'><strong><em>Virgilius</em></strong></span> <span class='ocrx_word' id='word_1_305' title='bbox 1584 1649 1802 1704; x_wconf 84' lang='lat' dir='ltr'><strong><em>Epicureus</em></strong></span> <span class='ocrx_word' id='word_1_306' title='bbox 1834 1651 1906 1699; x_wconf 88' lang='lat' dir='ltr'><strong><em>est,</em></strong></span> <span class='ocrx_word' id='word_1_307' title='bbox 1936 1647 2014 1688; x_wconf 84' lang='lat' dir='ltr'><strong><em>hoc</em></strong></span> <span class='ocrx_word' id='word_1_308' title='bbox 2044 1645 2109 1695; x_wconf 88' lang='lat' dir='ltr'><strong><em>ait,</em></strong></span> <span class='ocrx_word' id='word_1_309' title='bbox 2141 1644 2247 1697; x_wconf 83' lang='lat' dir='ltr'><strong><em>quod</em></strong></span> 
     </span>
     <span class='ocr_line' id='line_1_30' title="bbox 95 1700 2247 1763; baseline -0.006 -9"><span class='ocrx_word' id='word_1_310' title='bbox 95 1712 217 1755; x_wconf 88' lang='lat' dir='ltr'><strong><em>Stoici</em></strong></span> <span class='ocrx_word' id='word_1_311' title='bbox 247 1712 392 1763; x_wconf 89' lang='lat' dir='ltr'><strong><em>dicunt,</em></strong></span> <span class='ocrx_word' id='word_1_312' title='bbox 425 1724 516 1753; x_wconf 86' lang='lat' dir='ltr'><strong><em>esse</em></strong></span> <span class='ocrx_word' id='word_1_313' title='bbox 543 1711 668 1753; x_wconf 81' lang='lat' dir='ltr'><strong><em>fatum</em></strong></span> <span class='ocrx_word' id='word_1_314' title='bbox 697 1710 768 1751; x_wconf 91' lang='lat' dir='ltr'><strong><em>sed</em></strong></span> <span class='ocrx_word' id='word_1_315' title='bbox 797 1708 1062 1758; x_wconf 84' lang='lat' dir='ltr'><strong><em>inexorabile3</em></strong></span> <span class='ocrx_word' id='word_1_316' title='bbox 1094 1719 1369 1760; x_wconf 70' lang='lat' dir='ltr'><strong><em>coquoscere,</em></strong></span> <span class='ocrx_word' id='word_1_317' title='bbox 1397 1705 1684 1759; x_wconf 87' lang='lat' dir='ltr'><strong><em>philosophiam</em></strong></span> <span class='ocrx_word' id='word_1_318' title='bbox 1714 1704 1830 1744; x_wconf 89' lang='lat' dir='ltr'><strong><em>scire.</em></strong></span> <span class='ocrx_word' id='word_1_319' title='bbox 1861 1723 1917 1733; x_wconf 85' lang='lat'><strong><em>——-</em></strong></span> <span class='ocrx_word' id='word_1_320' title='bbox 1948 1701 2100 1741; x_wconf 81' lang='lat' dir='ltr'><strong><em>Rerum</em></strong></span> <span class='ocrx_word' id='word_1_321' title='bbox 2128 1700 2167 1742; x_wconf 87' lang='lat' dir='ltr'><strong><em>id</em></strong></span> <span class='ocrx_word' id='word_1_322' title='bbox 2189 1705 2247 1742; x_wconf 81' lang='lat' dir='ltr'><strong><em>est</em></strong></span> 
     </span>
     <span class='ocr_line' id='line_1_31' title="bbox 93 1758 2105 1820; baseline -0.007 -10"><span class='ocrx_word' id='word_1_323' title='bbox 93 1768 306 1820; x_wconf 87' lang='lat' dir='ltr'><strong><em>malarum,</em></strong></span> <span class='ocrx_word' id='word_1_324' title='bbox 334 1780 435 1819; x_wconf 88' lang='lat' dir='ltr'><strong><em>quae</em></strong></span> <span class='ocrx_word' id='word_1_325' title='bbox 463 1768 503 1808; x_wconf 90' lang='lat' dir='ltr'><strong><em>in</em></strong></span> <span class='ocrx_word' id='word_1_326' title='bbox 531 1767 630 1809; x_wconf 90' lang='lat' dir='ltr'><strong><em>urbe</em></strong></span> <span class='ocrx_word' id='word_1_327' title='bbox 657 1779 729 1820; x_wconf 87' lang='lat' dir='ltr'><strong><em>per</em></strong></span> <span class='ocrx_word' id='word_1_328' title='bbox 756 1765 1008 1806; x_wconf 86' lang='lat' dir='ltr'><strong><em>ambitionem</em></strong></span> <span class='ocrx_word' id='word_1_329' title='bbox 1038 1768 1078 1804; x_wconf 89' lang='lat' dir='ltr'><strong><em>et</em></strong></span> <span class='ocrx_word' id='word_1_330' title='bbox 1106 1764 1308 1805; x_wconf 87' lang='lat' dir='ltr'><strong><em>avaritiam</em></strong></span> <span class='ocrx_word' id='word_1_331' title='bbox 1337 1762 1588 1815; x_wconf 87' lang='lat' dir='ltr'><strong><em>quaestiones</em></strong></span> <span class='ocrx_word' id='word_1_332' title='bbox 1618 1765 1656 1801; x_wconf 88' lang='lat' dir='ltr'><strong><em>et</em></strong></span> <span class='ocrx_word' id='word_1_333' title='bbox 1685 1758 1903 1800; x_wconf 89' lang='lat' dir='ltr'><strong><em>discordias</em></strong></span> <span class='ocrx_word' id='word_1_334' title='bbox 1932 1758 2105 1799; x_wconf 82' lang='lat' dir='ltr'><strong><em>incitant.</em></strong></span> 
     </span>
    </p>

    <p class='ocr_par' dir='ltr' id='par_1_14' title="bbox 69 1812 2246 1927">
     <span class='ocr_line' id='line_1_32' title="bbox 227 1812 2245 1873; baseline -0.006 -10"><span class='ocrx_word' id='word_1_335' title='bbox 227 1823 294 1863; x_wconf 87' lang='lat' dir='ltr'><strong><em>Vs.</em></strong></span> <span class='ocrx_word' id='word_1_336' title='bbox 323 1821 418 1863; x_wconf 93' lang='lat'><strong><em>491.</em></strong></span> <span class='ocrx_word' id='word_1_337' title='bbox 469 1820 738 1861; x_wconf 74' lang='lat' dir='ltr'><strong><em>Inexorabz‘le</em></strong></span> <span class='ocrx_word' id='word_1_338' title='bbox 751 1823 900 1873; x_wconf 84' lang='lat' dir='ltr'><strong><em>fatum,</em></strong></span> <span class='ocrx_word' id='word_1_339' title='bbox 917 1819 1006 1871; x_wconf 86' lang='lat' dir='ltr'><strong><em>quia</em></strong></span> <span class='ocrx_word' id='word_1_340' title='bbox 1023 1830 1101 1859; x_wconf 91' lang='lat' dir='ltr'><strong><em>non</em></strong></span> <span class='ocrx_word' id='word_1_341' title='bbox 1119 1822 1248 1870; x_wconf 90' lang='lat' dir='ltr'><strong><em>potest</em></strong></span> <span class='ocrx_word' id='word_1_342' title='bbox 1263 1817 1433 1867; x_wconf 87' lang='lat' dir='ltr'><strong><em>exorari,</em></strong></span> <span class='ocrx_word' id='word_1_343' title='bbox 1450 1828 1568 1858; x_wconf 89' lang='lat' dir='ltr'><strong><em>nemo</em></strong></span> <span class='ocrx_word' id='word_1_344' title='bbox 1581 1816 1681 1856; x_wconf 89' lang='lat' dir='ltr'><strong><em>enim</em></strong></span> <span class='ocrx_word' id='word_1_345' title='bbox 1700 1818 1830 1867; x_wconf 89' lang='lat' dir='ltr'><strong><em>potest</em></strong></span> <span class='ocrx_word' id='word_1_346' title='bbox 1844 1814 1946 1854; x_wconf 86' lang='lat' dir='ltr'><strong><em>ultra</em></strong></span> <span class='ocrx_word' id='word_1_347' title='bbox 1960 1812 2084 1852; x_wconf 87' lang='lat' dir='ltr'><strong><em>fatum</em></strong></span> <span class='ocrx_word' id='word_1_348' title='bbox 2100 1813 2245 1852; x_wconf 84' lang='lat' dir='ltr'><strong><em>vivere.</em></strong></span> 
     </span>
     <span class='ocr_line' id='line_1_33' title="bbox 69 1865 2246 1927; baseline -0.006 -7"><span class='ocrx_word' id='word_1_349' title='bbox 69 1910 74 1911; x_wconf 18' lang='grc' dir='ltr'><em>γ</em></span> <span class='ocrx_word' id='word_1_350' title='bbox 227 1878 295 1919; x_wconf 89' lang='lat' dir='ltr'><strong><em>Vs.</em></strong></span> <span class='ocrx_word' id='word_1_351' title='bbox 325 1876 420 1919; x_wconf 85' lang='lat'><strong><em>492.</em></strong></span> <span class='ocrx_word' id='word_1_352' title='bbox 482 1877 672 1917; x_wconf 77' lang='lat' dir='ltr'><strong><em>Subiecit</em></strong></span> <span class='ocrx_word' id='word_1_353' title='bbox 700 1874 904 1927; x_wconf 80' lang='lat' dir='ltr'><strong><em>pedibus,</em></strong></span> <span class='ocrx_word' id='word_1_354' title='bbox 944 1874 984 1914; x_wconf 92' lang='lat' dir='ltr'><strong><em>id</em></strong></span> <span class='ocrx_word' id='word_1_355' title='bbox 1024 1878 1085 1914; x_wconf 92' lang='lat' dir='ltr'><strong><em>est</em></strong></span> <span class='ocrx_word' id='word_1_356' title='bbox 1112 1873 1208 1915; x_wconf 71' lang='lat' dir='ltr'><strong><em>felix</em></strong></span> <span class='ocrx_word' id='word_1_357' title='bbox 1245 1878 1306 1913; x_wconf 90' lang='lat' dir='ltr'><strong><em>est</em></strong></span> <span class='ocrx_word' id='word_1_358' title='bbox 1334 1873 1420 1922; x_wconf 92' lang='lat' dir='ltr'><strong><em>ille,</em></strong></span> <span class='ocrx_word' id='word_1_359' title='bbox 1459 1872 1526 1924; x_wconf 89' lang='lat' dir='ltr'><strong><em>qui</em></strong></span> <span class='ocrx_word' id='word_1_360' title='bbox 1557 1870 1630 1911; x_wconf 89' lang='lat' dir='ltr'><strong><em>sub</em></strong></span> <span class='ocrx_word' id='word_1_361' title='bbox 1661 1869 1825 1922; x_wconf 90' lang='lat' dir='ltr'><strong><em>pedibus</em></strong></span> <span class='ocrx_word' id='word_1_362' title='bbox 1854 1871 1976 1908; x_wconf 83' lang='lat' dir='ltr'><strong><em>fatum</em></strong></span> <span class='ocrx_word' id='word_1_363' title='bbox 2005 1867 2163 1917; x_wconf 84' lang='lat' dir='ltr'><strong><em>habuit,</em></strong></span> <span class='ocrx_word' id='word_1_364' title='bbox 2207 1865 2246 1906; x_wconf 91' lang='lat' dir='ltr'><strong><em>id</em></strong></span> 
     </span>
    </p>

    <p class='ocr_par' dir='ltr' id='par_1_15' title="bbox 95 1923 2063 1981">
     <span class='ocr_line' id='line_1_34' title="bbox 95 1923 2063 1981; baseline -0.007 -5"><span class='ocrx_word' id='word_1_365' title='bbox 95 1937 157 1976; x_wconf 85' lang='lat' dir='ltr'><strong><em>est</em></strong></span> <span class='ocrx_word' id='word_1_366' title='bbox 185 1933 360 1975; x_wconf 84' lang='lat' dir='ltr'><strong><em>calcavit.</em></strong></span> <span class='ocrx_word' id='word_1_367' title='bbox 392 1954 445 1962; x_wconf 84' lang='lat'>-</span> <span class='ocrx_word' id='word_1_368' title='bbox 474 1931 747 1975; x_wconf 78' lang='lat' dir='ltr'><strong><em>Acherontis,</em></strong></span> <span class='ocrx_word' id='word_1_369' title='bbox 777 1929 918 1970; x_wconf 88' lang='lat' dir='ltr'><strong><em>inferni</em></strong></span> <span class='ocrx_word' id='word_1_370' title='bbox 928 1942 940 1979; x_wconf 90' lang='lat'>;</span> <span class='ocrx_word' id='word_1_371' title='bbox 969 1929 1108 1972; x_wconf 75' lang='lat' dir='ltr'><strong><em>avari,</em></strong></span> <span class='ocrx_word' id='word_1_372' title='bbox 1139 1929 1229 1980; x_wconf 89' lang='lat' dir='ltr'><strong><em>quia</em></strong></span> <span class='ocrx_word' id='word_1_373' title='bbox 1257 1928 1322 1968; x_wconf 91' lang='lat' dir='ltr'><strong><em>illa</em></strong></span> <span class='ocrx_word' id='word_1_374' title='bbox 1351 1927 1463 1981; x_wconf 90' lang='lat' dir='ltr'><strong><em>palus</em></strong></span> <span class='ocrx_word' id='word_1_375' title='bbox 1492 1937 1691 1978; x_wconf 87' lang='lat' dir='ltr'><strong><em>nunquam</em></strong></span> <span class='ocrx_word' id='word_1_376' title='bbox 1722 1928 1854 1977; x_wconf 91' lang='lat' dir='ltr'><strong><em>potest</em></strong></span> <span class='ocrx_word' id='word_1_377' title='bbox 1881 1923 2063 1965; x_wconf 87' lang='lat' dir='ltr'><strong><em>saturari.</em></strong></span> 
     </span>
    </p>

    <p class='ocr_par' dir='ltr' id='par_1_16' title="bbox 226 1981 1596 2040">
     <span class='ocr_line' id='line_1_35' title="bbox 226 1981 1596 2040; baseline -0.007 -10"><span class='ocrx_word' id='word_1_378' title='bbox 226 1989 294 2030; x_wconf 84' lang='lat' dir='ltr'><strong><em>Vs.</em></strong></span> <span class='ocrx_word' id='word_1_379' title='bbox 324 1985 419 2029; x_wconf 89' lang='lat'><strong><em>493.</em></strong></span> <span class='ocrx_word' id='word_1_380' title='bbox 477 1987 712 2040; x_wconf 60' lang='lat' dir='ltr'><strong><em>Aqresttw)</em></strong></span> <span class='ocrx_word' id='word_1_381' title='bbox 743 1986 783 2026; x_wconf 92' lang='lat' dir='ltr'><strong><em>id</em></strong></span> <span class='ocrx_word' id='word_1_382' title='bbox 813 1990 874 2025; x_wconf 90' lang='lat' dir='ltr'><strong><em>est</em></strong></span> <span class='ocrx_word' id='word_1_383' title='bbox 902 1984 1118 2038; x_wconf 87' lang='lat' dir='ltr'><strong><em>agrestium</em></strong></span> <span class='ocrx_word' id='word_1_384' title='bbox 1154 1988 1192 2023; x_wconf 90' lang='lat' dir='ltr'><strong><em>et</em></strong></span> <span class='ocrx_word' id='word_1_385' title='bbox 1218 1983 1454 2023; x_wconf 89' lang='lat' dir='ltr'><strong><em>rusticorum</em></strong></span> <span class='ocrx_word' id='word_1_386' title='bbox 1485 1981 1596 2021; x_wconf 83' lang='lat' dir='ltr'><strong><em>deoS.</em></strong></span> 
     </span>
    </p>

    <p class='ocr_par' dir='ltr' id='par_1_17' title="bbox 226 2033 2242 2094">
     <span class='ocr_line' id='line_1_36' title="bbox 226 2033 2242 2094; baseline -0.006 -10"><span class='ocrx_word' id='word_1_387' title='bbox 226 2044 294 2084; x_wconf 93' lang='lat' dir='ltr'><strong><em>Vs.</em></strong></span> <span class='ocrx_word' id='word_1_388' title='bbox 324 2042 419 2085; x_wconf 83' lang='lat'><strong><em>494.</em></strong></span> <span class='ocrx_word' id='word_1_389' title='bbox 480 2041 776 2094; x_wconf 77' lang='lat' dir='ltr'><strong><em>Silvanumque</em></strong></span> <span class='ocrx_word' id='word_1_390' title='bbox 802 2052 955 2085; x_wconf 83' lang='lat' dir='ltr'><strong><em>senem,</em></strong></span> <span class='ocrx_word' id='word_1_391' title='bbox 987 2039 1173 2081; x_wconf 88' lang='lat' dir='ltr'><strong><em>Silenum.</em></strong></span> <span class='ocrx_word' id='word_1_392' title='bbox 1194 2061 1249 2067; x_wconf 92' lang='grc'><strong><em>--</em></strong></span> <span class='ocrx_word' id='word_1_393' title='bbox 1282 2036 1481 2080; x_wconf 80' lang='lat' dir='ltr'><strong><em>Sorores,</em></strong></span> <span class='ocrx_word' id='word_1_394' title='bbox 1513 2035 1703 2086; x_wconf 89' lang='lat' dir='ltr'><strong><em>Oreades,</em></strong></span> <span class='ocrx_word' id='word_1_395' title='bbox 1734 2034 1798 2075; x_wconf 84' lang='lat' dir='ltr'><strong><em>vel</em></strong></span> <span class='ocrx_word' id='word_1_396' title='bbox 1816 2035 1916 2074; x_wconf 88' lang='lat' dir='ltr'><strong><em>inter</em></strong></span> <span class='ocrx_word' id='word_1_397' title='bbox 1935 2045 1981 2074; x_wconf 89' lang='lat' dir='ltr'><strong><em>se</em></strong></span> <span class='ocrx_word' id='word_1_398' title='bbox 2000 2033 2242 2081; x_wconf 84' lang='lat' dir='ltr'><strong><em>sorores³¹).</em></strong></span> 
     </span>
    </p>

    <p class='ocr_par' dir='ltr' id='par_1_18' title="bbox 95 2087 2245 2207">
     <span class='ocr_line' id='line_1_37' title="bbox 228 2087 2245 2145; baseline -0.006 -6"><span class='ocrx_word' id='word_1_399' title='bbox 228 2099 295 2140; x_wconf 88' lang='lat' dir='ltr'><strong><em>Vs.</em></strong></span> <span class='ocrx_word' id='word_1_400' title='bbox 324 2097 418 2140; x_wconf 83' lang='lat'><strong><em>495.</em></strong></span> <span class='ocrx_word' id='word_1_401' title='bbox 478 2097 630 2137; x_wconf 83' lang='lat' dir='ltr'><strong><em>Fasces</em></strong></span> <span class='ocrx_word' id='word_1_402' title='bbox 658 2097 698 2137; x_wconf 90' lang='lat' dir='ltr'><strong><em>id</em></strong></span> <span class='ocrx_word' id='word_1_403' title='bbox 726 2101 788 2137; x_wconf 90' lang='lat' dir='ltr'><strong><em>est</em></strong></span> <span class='ocrx_word' id='word_1_404' title='bbox 816 2096 1012 2145; x_wconf 86' lang='lat' dir='ltr'><strong><em>honores,</em></strong></span> <span class='ocrx_word' id='word_1_405' title='bbox 1042 2094 1173 2134; x_wconf 89' lang='lat' dir='ltr'><strong><em>fasces</em></strong></span> <span class='ocrx_word' id='word_1_406' title='bbox 1193 2104 1293 2145; x_wconf 89' lang='lat' dir='ltr'><strong><em>quos</em></strong></span> <span class='ocrx_word' id='word_1_407' title='bbox 1322 2092 1489 2145; x_wconf 92' lang='lat' dir='ltr'><strong><em>populus</em></strong></span> <span class='ocrx_word' id='word_1_408' title='bbox 1510 2091 1644 2132; x_wconf 89' lang='lat' dir='ltr'><strong><em>tribuit</em></strong></span> <span class='ocrx_word' id='word_1_409' title='bbox 1662 2101 1786 2142; x_wconf 85' lang='lat' dir='ltr'><strong><em>quare</em></strong></span> <span class='ocrx_word' id='word_1_410' title='bbox 1814 2089 2048 2143; x_wconf 80' lang='lat' dir='ltr'><strong><em>gestiuntur.</em></strong></span> <span class='ocrx_word' id='word_1_411' title='bbox 2106 2088 2147 2128; x_wconf 91' lang='lat' dir='ltr'><strong><em>In</em></strong></span> <span class='ocrx_word' id='word_1_412' title='bbox 2169 2087 2245 2128; x_wconf 90' lang='lat' dir='ltr'><strong><em>hoc</em></strong></span> 
     </span>
     <span class='ocr_line' id='line_1_38' title="bbox 95 2144 2009 2207; baseline -0.008 -10"><span class='ocrx_word' id='word_1_413' title='bbox 95 2165 215 2197; x_wconf 84' lang='lat' dir='ltr'><strong><em>versu</em></strong></span> <span class='ocrx_word' id='word_1_414' title='bbox 243 2156 401 2207; x_wconf 84' lang='lat' dir='ltr'><strong><em>proprie</em></strong></span> <span class='ocrx_word' id='word_1_415' title='bbox 430 2154 604 2206; x_wconf 80' lang='lat' dir='ltr'><strong><em>loquitur</em></strong></span> <span class='ocrx_word' id='word_1_416' title='bbox 632 2153 804 2192; x_wconf 90' lang='lat' dir='ltr'><strong><em>honores</em></strong></span> <span class='ocrx_word' id='word_1_417' title='bbox 834 2151 967 2204; x_wconf 89' lang='lat' dir='ltr'><strong><em>populi</em></strong></span> <span class='ocrx_word' id='word_1_418' title='bbox 996 2154 1034 2189; x_wconf 91' lang='lat' dir='ltr'><strong><em>et</em></strong></span> <span class='ocrx_word' id='word_1_419' title='bbox 1062 2162 1200 2202; x_wconf 87' lang='lat' dir='ltr'><strong><em>regum</em></strong></span> <span class='ocrx_word' id='word_1_420' title='bbox 1231 2159 1436 2200; x_wconf 73' lang='lat' dir='ltr'><strong><em>purpuras</em></strong></span> <span class='ocrx_word' id='word_1_421' title='bbox 1457 2169 1510 2176; x_wconf 87' lang='lat'><em>-</em></span> <span class='ocrx_word' id='word_1_422' title='bbox 1540 2144 1762 2197; x_wconf 82' lang='lat' dir='ltr'><strong><em>Purpura,</em></strong></span> <span class='ocrx_word' id='word_1_423' title='bbox 1792 2145 2009 2197; x_wconf 89' lang='lat' dir='ltr'><strong><em>imperium.</em></strong></span> 
     </span>
    </p>

    <p class='ocr_par' dir='ltr' id='par_1_19' title="bbox 96 2198 2242 2309">
     <span class='ocr_line' id='line_1_39' title="bbox 230 2198 2242 2258; baseline -0.007 -7"><span class='ocrx_word' id='word_1_424' title='bbox 230 2210 298 2251; x_wconf 76' lang='lat' dir='ltr'><strong><em>Vs,</em></strong></span> <span class='ocrx_word' id='word_1_425' title='bbox 327 2207 424 2251; x_wconf 84' lang='grc'>496.</span> <span class='ocrx_word' id='word_1_426' title='bbox 482 2207 720 2247; x_wconf 79' lang='lat' dir='ltr'><strong><em>Discordia</em></strong></span> <span class='ocrx_word' id='word_1_427' title='bbox 745 2206 927 2258; x_wconf 79' lang='lat' dir='ltr'><strong><em>fratres,-</em></strong></span> <span class='ocrx_word' id='word_1_428' title='bbox 958 2204 1195 2247; x_wconf 85' lang='lat' dir='ltr'><strong><em>discordiam</em></strong></span> <span class='ocrx_word' id='word_1_429' title='bbox 1224 2215 1294 2256; x_wconf 88' lang='lat' dir='ltr'><strong><em>pro</em></strong></span> <span class='ocrx_word' id='word_1_430' title='bbox 1325 2202 1486 2244; x_wconf 84' lang='lat' dir='ltr'><strong><em>avaritia</em></strong></span> <span class='ocrx_word' id='word_1_431' title='bbox 1515 2202 1667 2256; x_wconf 80' lang='lat' dir='ltr'><strong><em>posuit,</em></strong></span> <span class='ocrx_word' id='word_1_432' title='bbox 1698 2213 1748 2242; x_wconf 83' lang='lat' dir='ltr'><strong><em>ex</em></strong></span> <span class='ocrx_word' id='word_1_433' title='bbox 1771 2199 1839 2241; x_wconf 87' lang='lat' dir='ltr'><strong><em>illa</em></strong></span> <span class='ocrx_word' id='word_1_434' title='bbox 1869 2199 1970 2239; x_wconf 89' lang='lat' dir='ltr'><strong><em>enim</em></strong></span> <span class='ocrx_word' id='word_1_435' title='bbox 2002 2199 2125 2239; x_wconf 86' lang='lat' dir='ltr'><strong><em>oritur</em></strong></span> <span class='ocrx_word' id='word_1_436' title='bbox 2156 2198 2242 2238; x_wconf 90' lang='lat' dir='ltr'><strong><em>dis-</em></strong></span> 
     </span>
     <span class='ocr_line' id='line_1_40' title="bbox 96 2261 1052 2309; baseline -0.009 0"><span class='ocrx_word' id='word_1_437' title='bbox 96 2265 244 2309; x_wconf 78' lang='lat' dir='ltr'><strong><em>cordia.</em></strong></span> <span class='ocrx_word' id='word_1_438' title='bbox 266 2288 316 2294; x_wconf 90' lang='lat'><strong>—</strong></span> <span class='ocrx_word' id='word_1_439' title='bbox 347 2264 539 2308; x_wconf 85' lang='lat' dir='ltr'><strong><em>Fratres,</em></strong></span> <span class='ocrx_word' id='word_1_440' title='bbox 569 2264 734 2304; x_wconf 88' lang='lat' dir='ltr'><strong><em>Remum</em></strong></span> <span class='ocrx_word' id='word_1_441' title='bbox 765 2266 804 2303; x_wconf 89' lang='lat' dir='ltr'><strong><em>et</em></strong></span> <span class='ocrx_word' id='word_1_442' title='bbox 828 2261 1052 2303; x_wconf 86' lang='lat' dir='ltr'><strong><em>Romulum.</em></strong></span> 
     </span>
    </p>

    <p class='ocr_par' dir='ltr' id='par_1_20' title="bbox 94 2309 2290 2539">
     <span class='ocr_line' id='line_1_41' title="bbox 230 2309 2246 2362; baseline -0.006 -1"><span class='ocrx_word' id='word_1_443' title='bbox 230 2321 297 2361; x_wconf 89' lang='lat' dir='ltr'><strong><em>Vs.</em></strong></span> <span class='ocrx_word' id='word_1_444' title='bbox 328 2318 423 2362; x_wconf 89' lang='lat'><strong><em>497.</em></strong></span> <span class='ocrx_word' id='word_1_445' title='bbox 481 2317 567 2358; x_wconf 85' lang='lat' dir='ltr'><strong><em>Aut</em></strong></span> <span class='ocrx_word' id='word_1_446' title='bbox 599 2319 841 2360; x_wconf 75' lang='lat' dir='ltr'><strong><em>coniurato,</em></strong></span> <span class='ocrx_word' id='word_1_447' title='bbox 875 2316 1095 2356; x_wconf 90' lang='lat' dir='ltr'><strong><em>coniuratio</em></strong></span> <span class='ocrx_word' id='word_1_448' title='bbox 1120 2313 1377 2355; x_wconf 89' lang='lat' dir='ltr'><strong><em>barbarorum</em></strong></span> <span class='ocrx_word' id='word_1_449' title='bbox 1407 2324 1486 2353; x_wconf 89' lang='lat' dir='ltr'><strong><em>non</em></strong></span> <span class='ocrx_word' id='word_1_450' title='bbox 1516 2324 1606 2353; x_wconf 87' lang='lat' dir='ltr'><strong><em>eum</em></strong></span> <span class='ocrx_word' id='word_1_451' title='bbox 1627 2310 1830 2358; x_wconf 79' lang='lat' dir='ltr'><strong><em>sollicitat3</em></strong></span> <span class='ocrx_word' id='word_1_452' title='bbox 1858 2309 1947 2360; x_wconf 85' lang='lat' dir='ltr'><strong><em>quia</em></strong></span> <span class='ocrx_word' id='word_1_453' title='bbox 1978 2312 2246 2349; x_wconf 87' lang='lat' dir='ltr'><strong><em>convenerunt</em></strong></span> 
     </span>
     <span class='ocr_line' id='line_1_42' title="bbox 94 2363 2290 2422; baseline -0.007 -5"><span class='ocrx_word' id='word_1_454' title='bbox 94 2375 348 2417; x_wconf 88' lang='lat' dir='ltr'><strong><em>iureiurando</em></strong></span> <span class='ocrx_word' id='word_1_455' title='bbox 378 2376 481 2417; x_wconf 86' lang='lat' dir='ltr'><strong><em>ultra</em></strong></span> <span class='ocrx_word' id='word_1_456' title='bbox 510 2375 655 2415; x_wconf 86' lang='lat' dir='ltr'><strong><em>flumen</em></strong></span> <span class='ocrx_word' id='word_1_457' title='bbox 685 2374 882 2422; x_wconf 84' lang='lat' dir='ltr'><strong><em>Histrum,</em></strong></span> <span class='ocrx_word' id='word_1_458' title='bbox 913 2370 953 2413; x_wconf 89' lang='lat' dir='ltr'><strong><em>id</em></strong></span> <span class='ocrx_word' id='word_1_459' title='bbox 982 2375 1043 2411; x_wconf 87' lang='lat' dir='ltr'><strong><em>est</em></strong></span> <span class='ocrx_word' id='word_1_460' title='bbox 1071 2369 1314 2419; x_wconf 90' lang='lat' dir='ltr'><strong><em>Danubium,</em></strong></span> <span class='ocrx_word' id='word_1_461' title='bbox 1351 2373 1390 2408; x_wconf 88' lang='lat' dir='ltr'><strong><em>et</em></strong></span> <span class='ocrx_word' id='word_1_462' title='bbox 1420 2380 1509 2408; x_wconf 88' lang='lat' dir='ltr'><strong><em>cum</em></strong></span> <span class='ocrx_word' id='word_1_463' title='bbox 1540 2379 1584 2407; x_wconf 91' lang='lat' dir='ltr'><strong><em>se</em></strong></span> <span class='ocrx_word' id='word_1_464' title='bbox 1610 2367 1873 2420; x_wconf 84' lang='lat' dir='ltr'><strong><em>deponerent,</em></strong></span> <span class='ocrx_word' id='word_1_465' title='bbox 1915 2368 2128 2417; x_wconf 89' lang='lat' dir='ltr'><strong><em>coeperunt</em></strong></span> <span class='ocrx_word' id='word_1_466' title='bbox 2157 2363 2243 2404; x_wconf 80' lang='lat' dir='ltr'><strong><em>Ro·</em></strong></span> <span class='ocrx_word' id='word_1_467' title='bbox 2285 2381 2290 2384; x_wconf 82' lang='grc'>-</span> 
     </span>
     <span class='ocr_line' id='line_1_43' title="bbox 96 2418 2243 2484; baseline -0.006 -12"><span class='ocrx_word' id='word_1_468' title='bbox 96 2442 234 2473; x_wconf 84' lang='lat' dir='ltr'><strong><em>manos</em></strong></span> <span class='ocrx_word' id='word_1_469' title='bbox 247 2433 304 2480; x_wconf 74' lang='grc'><strong><em>32)</em></strong></span> <span class='ocrx_word' id='word_1_470' title='bbox 337 2431 502 2484; x_wconf 88' lang='lat' dir='ltr'><strong><em>pellere,</em></strong></span> <span class='ocrx_word' id='word_1_471' title='bbox 535 2430 606 2471; x_wconf 91' lang='lat' dir='ltr'><strong><em>sed</em></strong></span> <span class='ocrx_word' id='word_1_472' title='bbox 635 2430 747 2471; x_wconf 89' lang='lat' dir='ltr'><strong><em>iussu</em></strong></span> <span class='ocrx_word' id='word_1_473' title='bbox 775 2427 947 2481; x_wconf 90' lang='lat' dir='ltr'><strong><em>Augusti</em></strong></span> <span class='ocrx_word' id='word_1_474' title='bbox 977 2426 1025 2467; x_wconf 88' lang='lat' dir='ltr'><strong><em>ab</em></strong></span> <span class='ocrx_word' id='word_1_475' title='bbox 1049 2424 1223 2478; x_wconf 80' lang='lat' dir='ltr'><strong><em>Agrippa</em></strong></span> <span class='ocrx_word' id='word_1_476' title='bbox 1252 2429 1345 2465; x_wconf 87' lang='lat' dir='ltr'><strong><em>sunt</em></strong></span> <span class='ocrx_word' id='word_1_477' title='bbox 1373 2423 1537 2476; x_wconf 87' lang='lat' dir='ltr'><strong><em>proiecti</em></strong></span> <span class='ocrx_word' id='word_1_478' title='bbox 1567 2427 1605 2464; x_wconf 88' lang='lat' dir='ltr'><strong><em>et</em></strong></span> <span class='ocrx_word' id='word_1_479' title='bbox 1632 2420 1790 2475; x_wconf 85' lang='lat' dir='ltr'><strong><em>repulsi.</em></strong></span> <span class='ocrx_word' id='word_1_480' title='bbox 1814 2443 1863 2449; x_wconf 91' lang='lat'><em>-</em></span> <span class='ocrx_word' id='word_1_481' title='bbox 1894 2418 2069 2463; x_wconf 81' lang='lat' dir='ltr'><strong><em>Histro,</em></strong></span> <span class='ocrx_word' id='word_1_482' title='bbox 2100 2419 2243 2459; x_wconf 86' lang='lat' dir='ltr'><strong><em>Danu-</em></strong></span> 
     </span>
     <span class='ocr_line' id='line_1_44' title="bbox 95 2486 2102 2539; baseline -0.006 -13"><span class='ocrx_word' id='word_1_483' title='bbox 95 2486 204 2538; x_wconf 91' lang='lat' dir='ltr'><strong><em>bius,</em></strong></span> <span class='ocrx_word' id='word_1_484' title='bbox 235 2486 376 2527; x_wconf 88' lang='lat' dir='ltr'><strong><em>fluvius</em></strong></span> <span class='ocrx_word' id='word_1_485' title='bbox 407 2486 604 2539; x_wconf 84' lang='lat' dir='ltr'><strong><em>Scythiae.</em></strong></span> <span class='ocrx_word' id='word_1_486' title='bbox 2096 2502 2102 2503; x_wconf 29' lang='grc' dir='ltr'><em>ν</em></span> 
     </span>
    </p>

    <p class='ocr_par' dir='ltr' id='par_1_21' title="bbox 97 2527 2243 2706">
     <span class='ocr_line' id='line_1_45' title="bbox 231 2527 2243 2587; baseline -0.006 -6"><span class='ocrx_word' id='word_1_487' title='bbox 231 2542 298 2582; x_wconf 89' lang='lat' dir='ltr'><strong><em>Vs.</em></strong></span> <span class='ocrx_word' id='word_1_488' title='bbox 327 2539 421 2584; x_wconf 87' lang='lat'><strong><em>498.</em></strong></span> <span class='ocrx_word' id='word_1_489' title='bbox 476 2539 577 2580; x_wconf 81' lang='lat' dir='ltr'><strong><em>Non</em></strong></span> <span class='ocrx_word' id='word_1_490' title='bbox 605 2551 670 2578; x_wconf 82' lang='lat' dir='ltr'><strong><em>res</em></strong></span> <span class='ocrx_word' id='word_1_491' title='bbox 703 2537 915 2578; x_wconf 82' lang='lat' dir='ltr'><strong><em>Romanae</em></strong></span> <span class='ocrx_word' id='word_1_492' title='bbox 944 2540 983 2577; x_wconf 87' lang='lat' dir='ltr'><strong><em>et</em></strong></span> <span class='ocrx_word' id='word_1_493' title='bbox 1010 2535 1172 2587; x_wconf 88' lang='lat' dir='ltr'><strong><em>reliqua.</em></strong></span> <span class='ocrx_word' id='word_1_494' title='bbox 1229 2533 1328 2575; x_wconf 91' lang='lat' dir='ltr'><strong><em>Nam</em></strong></span> <span class='ocrx_word' id='word_1_495' title='bbox 1357 2532 1437 2574; x_wconf 85' lang='lat' dir='ltr'><strong><em>duo</em></strong></span> <span class='ocrx_word' id='word_1_496' title='bbox 1467 2533 1579 2583; x_wconf 88' lang='lat' dir='ltr'><strong><em>dicit,</em></strong></span> <span class='ocrx_word' id='word_1_497' title='bbox 1609 2532 1799 2572; x_wconf 88' lang='lat' dir='ltr'><strong><em>rusticum</em></strong></span> <span class='ocrx_word' id='word_1_498' title='bbox 1826 2542 1901 2572; x_wconf 89' lang='lat' dir='ltr'><strong><em>nec</em></strong></span> <span class='ocrx_word' id='word_1_499' title='bbox 1928 2529 2145 2571; x_wconf 86' lang='lat' dir='ltr'><strong><em>Romanum</em></strong></span> <span class='ocrx_word' id='word_1_500' title='bbox 2165 2527 2243 2569; x_wconf 91' lang='lat' dir='ltr'><strong><em>im-</em></strong></span> 
     </span>
     <span class='ocr_line' id='line_1_46' title="bbox 97 2582 2243 2650; baseline -0.005 -11"><span class='ocrx_word' id='word_1_501' title='bbox 97 2597 249 2650; x_wconf 87' lang='lat' dir='ltr'><strong><em>perium</em></strong></span> <span class='ocrx_word' id='word_1_502' title='bbox 278 2602 429 2648; x_wconf 87' lang='lat' dir='ltr'><strong><em>movet,</em></strong></span> <span class='ocrx_word' id='word_1_503' title='bbox 460 2597 500 2638; x_wconf 92' lang='lat' dir='ltr'><strong><em>id</em></strong></span> <span class='ocrx_word' id='word_1_504' title='bbox 529 2600 591 2637; x_wconf 89' lang='lat' dir='ltr'><strong><em>est</em></strong></span> <span class='ocrx_word' id='word_1_505' title='bbox 620 2594 670 2636; x_wconf 89' lang='lat' dir='ltr'><strong><em>ad</em></strong></span> <span class='ocrx_word' id='word_1_506' title='bbox 699 2593 885 2634; x_wconf 85' lang='lat' dir='ltr'><strong><em>ambitum</em></strong></span> <span class='ocrx_word' id='word_1_507' title='bbox 915 2593 1041 2645; x_wconf 86' lang='lat' dir='ltr'><strong><em>cogit,</em></strong></span> <span class='ocrx_word' id='word_1_508' title='bbox 1075 2592 1168 2640; x_wconf 90' lang='lat' dir='ltr'><strong><em>[nec</em></strong></span> <span class='ocrx_word' id='word_1_509' title='bbox 1194 2589 1450 2630; x_wconf 84' lang='lat' dir='ltr'><strong><em>barbarorum</em></strong></span> <span class='ocrx_word' id='word_1_510' title='bbox 1479 2600 1603 2641; x_wconf 83' lang='lat' dir='ltr'><strong><em>regna</em></strong></span> <span class='ocrx_word' id='word_1_511' title='bbox 1631 2586 1905 2640; x_wconf 76' lang='lat' dir='ltr'><strong><em>perituraJ³³).</em></strong></span> <span class='ocrx_word' id='word_1_512' title='bbox 1934 2608 1987 2614; x_wconf 82' lang='lat'>—</span> <span class='ocrx_word' id='word_1_513' title='bbox 2029 2582 2243 2628; x_wconf 72' lang='lat' dir='ltr'><strong><em>Peritum,</em></strong></span> 
     </span>
     <span class='ocr_line' id='line_1_47' title="bbox 99 2641 2243 2706; baseline -0.007 -13"><span class='ocrx_word' id='word_1_514' title='bbox 99 2652 206 2705; x_wconf 91' lang='lat' dir='ltr'><strong><em>quod</em></strong></span> <span class='ocrx_word' id='word_1_515' title='bbox 233 2663 312 2692; x_wconf 92' lang='lat' dir='ltr'><strong><em>non</em></strong></span> <span class='ocrx_word' id='word_1_516' title='bbox 343 2656 436 2692; x_wconf 90' lang='lat' dir='ltr'><strong><em>sunt</em></strong></span> <span class='ocrx_word' id='word_1_517' title='bbox 463 2656 651 2706; x_wconf 89' lang='lat' dir='ltr'><strong><em>perpetua</em></strong></span> <span class='ocrx_word' id='word_1_518' title='bbox 679 2654 718 2691; x_wconf 93' lang='lat' dir='ltr'><strong><em>et</em></strong></span> <span class='ocrx_word' id='word_1_519' title='bbox 746 2659 903 2701; x_wconf 90' lang='lat' dir='ltr'><strong><em>semper</em></strong></span> <span class='ocrx_word' id='word_1_520' title='bbox 930 2657 1187 2701; x_wconf 86' lang='lat' dir='ltr'><strong><em>permansura</em></strong></span> <span class='ocrx_word' id='word_1_521' title='bbox 1214 2656 1284 2698; x_wconf 85' lang='lat' dir='ltr'><strong><em>per</em></strong></span> <span class='ocrx_word' id='word_1_522' title='bbox 1313 2656 1466 2686; x_wconf 87' lang='lat' dir='ltr'><strong><em>aevum.</em></strong></span> <span class='ocrx_word' id='word_1_523' title='bbox 1522 2642 1694 2696; x_wconf 63' lang='lat' dir='ltr'><strong><em>Regma,</em></strong></span> <span class='ocrx_word' id='word_1_524' title='bbox 1735 2642 1797 2684; x_wconf 88' lang='lat' dir='ltr'><strong><em>vel</em></strong></span> <span class='ocrx_word' id='word_1_525' title='bbox 1821 2653 1946 2695; x_wconf 86' lang='lat' dir='ltr'><strong><em>regna</em></strong></span> <span class='ocrx_word' id='word_1_526' title='bbox 1974 2641 2243 2682; x_wconf 83' lang='lat' dir='ltr'><strong><em>harbarorum.</em></strong></span> 
     </span>
    </p>
   </div>
   <div class='ocr_carea' id='block_1_4' title="bbox 95 2841 2243 3084">
    <p class='ocr_par' dir='ltr' id='par_1_22' title="bbox 95 2841 2243 3084">
     <span class='ocr_line' id='line_1_48' title="bbox 231 2841 2239 2897; baseline -0.008 -9"><span class='ocrx_word' id='word_1_527' title='bbox 231 2855 282 2897; x_wconf 74' lang='lat'><strong><em>14)</em></strong></span> <span class='ocrx_word' id='word_1_528' title='bbox 307 2854 390 2888; x_wconf 78' lang='lat' dir='ltr'><strong><em>Aen.</em></strong></span> <span class='ocrx_word' id='word_1_529' title='bbox 418 2854 480 2895; x_wconf 84' lang='lat' dir='ltr'><strong><em>lv,</em></strong></span> <span class='ocrx_word' id='word_1_530' title='bbox 505 2852 586 2888; x_wconf 84' lang='grc'>478.</span> <span class='ocrx_word' id='word_1_531' title='bbox 632 2853 684 2895; x_wconf 81' lang='grc'><strong><em>15)</em></strong></span> <span class='ocrx_word' id='word_1_532' title='bbox 715 2852 800 2886; x_wconf 87' lang='lat' dir='ltr'><strong><em>lua.</em></strong></span> <span class='ocrx_word' id='word_1_533' title='bbox 848 2851 898 2894; x_wconf 71' lang='grc'><strong><em>18)</em></strong></span> <span class='ocrx_word' id='word_1_534' title='bbox 935 2859 1139 2885; x_wconf 81' lang='lat' dir='ltr'><strong><em>concans.</em></strong></span> <span class='ocrx_word' id='word_1_535' title='bbox 1187 2847 1238 2890; x_wconf 73' lang='grc' dir='ltr'><strong><em>ιτ)</em></strong></span> <span class='ocrx_word' id='word_1_536' title='bbox 1270 2846 1436 2881; x_wconf 74' lang='lat' dir='ltr'><strong><em>eittitu.</em></strong></span> <span class='ocrx_word' id='word_1_537' title='bbox 1483 2844 1535 2887; x_wconf 83' lang='grc'><strong><em>18)</em></strong></span> <span class='ocrx_word' id='word_1_538' title='bbox 1559 2844 1681 2878; x_wconf 81' lang='lat' dir='ltr'><strong><em>Lucan.</em></strong></span> <span class='ocrx_word' id='word_1_539' title='bbox 1706 2843 1770 2885; x_wconf 85' lang='lat'><strong><em>111,</em></strong></span> <span class='ocrx_word' id='word_1_540' title='bbox 1795 2841 1876 2877; x_wconf 77' lang='lat'><strong><em>460.</em></strong></span> <span class='ocrx_word' id='word_1_541' title='bbox 1926 2841 1976 2883; x_wconf 76' lang='lat'><strong><em>19)</em></strong></span> <span class='ocrx_word' id='word_1_542' title='bbox 1999 2841 2239 2874; x_wconf 83' lang='lat' dir='ltr'><strong><em>concuteri.</em></strong></span> 
     </span>
     <span class='ocr_line' id='line_1_49' title="bbox 97 2886 2243 2945; baseline -0.007 -11"><span class='ocrx_word' id='word_1_543' title='bbox 97 2900 150 2943; x_wconf 66' lang='grc' dir='ltr'><strong><em>ω)</em></strong></span> <span class='ocrx_word' id='word_1_544' title='bbox 175 2901 262 2945; x_wconf 85' lang='lat' dir='ltr'><strong><em>apud</em></strong></span> <span class='ocrx_word' id='word_1_545' title='bbox 280 2901 427 2935; x_wconf 85' lang='lat' dir='ltr'><strong><em>Servium</em></strong></span> <span class='ocrx_word' id='word_1_546' title='bbox 444 2899 579 2944; x_wconf 88' lang='lat' dir='ltr'><strong><em>legitur:</em></strong></span> <span class='ocrx_word' id='word_1_547' title='bbox 606 2898 800 2933; x_wconf 83' lang='lat' dir='ltr'><strong><em>Atlante.</em></strong></span> <span class='ocrx_word' id='word_1_548' title='bbox 846 2898 897 2938; x_wconf 80' lang='lat'><strong><em>²1)</em></strong></span> <span class='ocrx_word' id='word_1_549' title='bbox 922 2897 1130 2941; x_wconf 80' lang='lat' dir='ltr'><strong><em>ispaniae</em></strong></span> <span class='ocrx_word' id='word_1_550' title='bbox 1155 2900 1196 2928; x_wconf 88' lang='lat' dir='ltr'><strong><em>et</em></strong></span> <span class='ocrx_word' id='word_1_551' title='bbox 1220 2894 1480 2937; x_wconf 77' lang='lat' dir='ltr'><strong><em>mauritage.</em></strong></span> <span class='ocrx_word' id='word_1_552' title='bbox 1527 2892 1580 2933; x_wconf 75' lang='lat'><strong><em>22)</em></strong></span> <span class='ocrx_word' id='word_1_553' title='bbox 1603 2891 1813 2934; x_wconf 80' lang='lat' dir='ltr'><strong><em>Rursusq:</em></strong></span> <span class='ocrx_word' id='word_1_554' title='bbox 1860 2888 1912 2930; x_wconf 82' lang='grc'><strong><em>23)</em></strong></span> <span class='ocrx_word' id='word_1_555' title='bbox 1937 2887 2063 2921; x_wconf 85' lang='lat' dir='ltr'><strong><em>solis.</em></strong></span> <span class='ocrx_word' id='word_1_556' title='bbox 2108 2886 2162 2928; x_wconf 69' lang='lat'><strong><em>²4)</em></strong></span> <span class='ocrx_word' id='word_1_557' title='bbox 2187 2890 2243 2919; x_wconf 79' lang='lat' dir='ltr'><strong><em>n&#39;a&#39;</em></strong></span> 
     </span>
     <span class='ocr_line' id='line_1_50' title="bbox 95 2931 2242 2992; baseline -0.008 -10"><span class='ocrx_word' id='word_1_558' title='bbox 95 2948 195 2992; x_wconf 83' lang='lat' dir='ltr'><strong><em>quis</em></strong></span> <span class='ocrx_word' id='word_1_559' title='bbox 219 2952 325 2991; x_wconf 67' lang='lat' dir='ltr'><strong><em>pei-5</em></strong></span> <span class='ocrx_word' id='word_1_560' title='bbox 347 2947 620 2990; x_wconf 78' lang='lat' dir='ltr'><strong><em>scripserat</em></strong></span> <span class='ocrx_word' id='word_1_561' title='bbox 646 2946 806 2978; x_wconf 79' lang='lat' dir='ltr'><strong><em>iuersa.</em></strong></span> <span class='ocrx_word' id='word_1_562' title='bbox 858 2943 910 2986; x_wconf 78' lang='lat'><strong><em>²5)</em></strong></span> <span class='ocrx_word' id='word_1_563' title='bbox 935 2941 1115 2978; x_wconf 83' lang='lat' dir='ltr'><strong><em>excidit.</em></strong></span> <span class='ocrx_word' id='word_1_564' title='bbox 1156 2941 1207 2982; x_wconf 75' lang='lat'><strong><em>2⁶)</em></strong></span> <span class='ocrx_word' id='word_1_565' title='bbox 1233 2939 1345 2974; x_wconf 81' lang='lat' dir='ltr'><strong><em>uude</em></strong></span> <span class='ocrx_word' id='word_1_566' title='bbox 1370 2938 1540 2974; x_wconf 73' lang='lat' dir='ltr'><strong><em>dicitur</em></strong></span> <span class='ocrx_word' id='word_1_567' title='bbox 1563 2939 1654 2972; x_wconf 83' lang='lat' dir='ltr'><strong><em>iam.</em></strong></span> <span class='ocrx_word' id='word_1_568' title='bbox 1700 2937 1753 2978; x_wconf 74' lang='lat'><strong><em>2⁴1)</em></strong></span> <span class='ocrx_word' id='word_1_569' title='bbox 1777 2933 2047 2979; x_wconf 72' lang='lat' dir='ltr'><strong><em>virginibus.</em></strong></span> <span class='ocrx_word' id='word_1_570' title='bbox 2093 2931 2242 2973; x_wconf 49' lang='lat' dir='ltr'><strong><em>wessa-</em></strong></span> 
     </span>
     <span class='ocr_line' id='line_1_51' title="bbox 96 2978 2243 3038; baseline -0.007 -12"><span class='ocrx_word' id='word_1_571' title='bbox 96 2995 277 3038; x_wconf 77' lang='lat' dir='ltr'><strong><em>hygeta.</em></strong></span> <span class='ocrx_word' id='word_1_572' title='bbox 326 2992 378 3034; x_wconf 74' lang='grc'><strong><em>29)</em></strong></span> <span class='ocrx_word' id='word_1_573' title='bbox 403 2992 554 3026; x_wconf 84' lang='lat' dir='ltr'><strong><em>Hiemi.</em></strong></span> <span class='ocrx_word' id='word_1_574' title='bbox 602 2991 654 3033; x_wconf 77' lang='lat'><strong><em>3⁰)</em></strong></span> <span class='ocrx_word' id='word_1_575' title='bbox 679 2990 734 3025; x_wconf 89' lang='lat' dir='ltr'><strong><em>Sic</em></strong></span> <span class='ocrx_word' id='word_1_576' title='bbox 757 2992 791 3024; x_wconf 87' lang='lat' dir='ltr'><strong><em>in</em></strong></span> <span class='ocrx_word' id='word_1_577' title='bbox 817 2989 892 3025; x_wconf 84' lang='lat' dir='ltr'><strong><em>cod.</em></strong></span> <span class='ocrx_word' id='word_1_578' title='bbox 916 2989 1082 3033; x_wconf 81' lang='lat' dir='ltr'><strong><em>scriptum.</em></strong></span> <span class='ocrx_word' id='word_1_579' title='bbox 1130 2988 1181 3030; x_wconf 83' lang='lat'><strong><em>31)</em></strong></span> <span class='ocrx_word' id='word_1_580' title='bbox 1205 2986 1242 3020; x_wconf 84' lang='lat' dir='ltr'><strong><em>In</em></strong></span> <span class='ocrx_word' id='word_1_581' title='bbox 1265 2986 1412 3030; x_wconf 79' lang='lat' dir='ltr'><strong><em>margine</em></strong></span> <span class='ocrx_word' id='word_1_582' title='bbox 1428 2984 1470 3018; x_wconf 85' lang='lat' dir='ltr'><strong><em>ad</em></strong></span> <span class='ocrx_word' id='word_1_583' title='bbox 1488 2983 1718 3028; x_wconf 73' lang='lat' dir='ltr'><strong><em>Nymphasque</em></strong></span> <span class='ocrx_word' id='word_1_584' title='bbox 1741 2990 1870 3015; x_wconf 78' lang='lat' dir='ltr'><strong><em>sorores</em></strong></span> <span class='ocrx_word' id='word_1_585' title='bbox 1887 2979 2084 3023; x_wconf 79' lang='lat' dir='ltr'><strong><em>adscriptum</em></strong></span> <span class='ocrx_word' id='word_1_586' title='bbox 2109 2978 2243 3024; x_wconf 79' lang='lat' dir='ltr'><strong><em>Drya-</em></strong></span> 
     </span>
     <span class='ocr_line' id='line_1_52' title="bbox 96 3026 1930 3084; baseline -0.008 -11"><span class='ocrx_word' id='word_1_587' title='bbox 96 3038 265 3084; x_wconf 83' lang='lat' dir='ltr'><strong><em>dasque</em></strong></span> <span class='ocrx_word' id='word_1_588' title='bbox 296 3038 498 3084; x_wconf 78' lang='lat' dir='ltr'><strong><em>puellas,</em></strong></span> <span class='ocrx_word' id='word_1_589' title='bbox 523 3047 609 3082; x_wconf 81' lang='lat' dir='ltr'><strong><em>quae</em></strong></span> <span class='ocrx_word' id='word_1_590' title='bbox 631 3038 760 3071; x_wconf 81' lang='lat' dir='ltr'><strong><em>varians</em></strong></span> <span class='ocrx_word' id='word_1_591' title='bbox 791 3036 888 3070; x_wconf 83' lang='lat' dir='ltr'><strong><em>lectio</em></strong></span> <span class='ocrx_word' id='word_1_592' title='bbox 914 3045 989 3070; x_wconf 78' lang='lat' dir='ltr'><strong><em>esse</em></strong></span> <span class='ocrx_word' id='word_1_593' title='bbox 1015 3034 1154 3069; x_wconf 76' lang='lat' dir='ltr'><strong><em>videtur.</em></strong></span> <span class='ocrx_word' id='word_1_594' title='bbox 1197 3032 1250 3075; x_wconf 75' lang='lat'><strong><em>32)</em></strong></span> <span class='ocrx_word' id='word_1_595' title='bbox 1275 3042 1406 3066; x_wconf 80' lang='lat' dir='ltr'><strong><em>roma.</em></strong></span> <span class='ocrx_word' id='word_1_596' title='bbox 1451 3031 1503 3073; x_wconf 62' lang='grc' dir='ltr'><strong><em>ὅ)</em></strong></span> <span class='ocrx_word' id='word_1_597' title='bbox 1528 3029 1617 3065; x_wconf 74' lang='lat' dir='ltr'><strong><em>naec</em></strong></span> <span class='ocrx_word' id='word_1_598' title='bbox 1644 3031 1676 3064; x_wconf 90' lang='lat' dir='ltr'><strong><em>in</em></strong></span> <span class='ocrx_word' id='word_1_599' title='bbox 1702 3027 1775 3062; x_wconf 86' lang='lat' dir='ltr'><strong><em>cod.</em></strong></span> <span class='ocrx_word' id='word_1_600' title='bbox 1801 3026 1930 3060; x_wconf 85' lang='lat' dir='ltr'><strong><em>desunt.</em></strong></span> 
     </span>
    </p>
   </div>
   <div class='ocr_carea' id='block_1_5' title="bbox 1914 3079 1978 3124">
    <p class='ocr_par' dir='ltr' id='par_1_23' title="bbox 1914 3079 1978 3124">
     <span class='ocr_line' id='line_1_53' title="bbox 1914 3079 1978 3124; baseline 0 -20"><span class='ocrx_word' id='word_1_601' title='bbox 1914 3079 1978 3124; x_wconf 56' lang='lat'><strong><em>34}</em></strong></span> 
     </span>
    </p>
   </div>
  </div>
 </body>
</html>
