2430 3177
1261 81 1324 129 16

360 220 438 259 VS.
456 216 520 259 30.
578 217 661 257 Bis
693 217 837 259 venit,
868 226 983 256 mane
1011 217 1051 255 et
1073 225 1177 256 sero.
1225 214 1439 268 Mulctra,
1468 225 1550 259 vas,
1580 213 1620 255 in
1650 226 1728 267 quo
1754 216 1962 270 mulgetur.
1993 239 2043 256 —.
2076 215 2160 302 Bra
2186 218 2297 257 venit
2327 218 2383 257 ad

222 274 447 313 mulctram.
506 273 659 333 Duplici
688 282 831 312 sensu
829 270 1017 311 bucolica
1045 270 1298 324 intellegitur,
1327 270 1516 312 historiae
1544 274 1584 310 et
1607 270 1838 324 allegoriae.
1942 300 1948 314 „

223 324 782 423 Sionjsvess't31·kamw'
827 325 1023 393 promitto.
1086 324 1177 370 Quo
1205 326 1415 378 pignore,
1449 326 1550 408 [qua
1579 325 1815 378 sponsione,
1849 323 1952 377 qui]a
1975 328 2032 375 ¹²)
2070 297 2214 411 pignus
2251 338 2389 381 spone,

351 438 416 477 Vs
446 434 510 477 32.
571 433 684 474 Non
699 435 843 479 ausim,
873 446 954 475 non
982 434 1084 475 aude
1113 458 1536 467 --------
1551 447 1601 466 ’-’
1624 457 1651 466 -
1681 458 1720 474 -.
1745 458 1796 464 —
1810 411 1925 478 Nou
1957 436 2097 475 ausim.
2124 435 2380 489 Allegorice

220 492 449 533 Cornificius
479 496 618 544 negat,
651 501 696 530 se
724 490 828 537 velle
855 489 1104 530 contendere.
1952 517 1953 520 ,

351 548 416 586 Vs.
448 544 513 586 33.
574 544 656 583 Est
687 544 799 589 mihi,
829 545 902 585 sub
934 546 1045 584 cuius
1074 545 1239 608 imperio
1260 567 1625 579 -------
1632 578 1633 581 ,
1657 567 1965 576 ------
1966 549 2071 586 mta
2100 549 2213 598 capta
2243 567 2268 576 —
2299 568 2324 577 -
2352 569 2393 585 -,

219 602 295 643 tius
326 626 351 634 -
383 626 408 632 -
441 625 479 638 -.
513 623 563 631 «-
596 599 776 652 Iniusta,
806 599 956 648 odiosa,
988 600 1142 641 inimica
1165 600 1373 653 privignis.

353 657 419 696 Vs.
444 654 514 696 .34.
555 652 698 695 Alter
736 659 777 693 et
805 654 972 695 haedos.
1022 655 1200 703 Quidam
1240 654 1522 718 synaloepham
1552 658 1716 706 putant,
1758 633 1848 694 sed.
1868 653 1915 694 ad
1953 659 2151 694 naturam
2154 653 2378 701 humanam

218 713 415 765 respicere
445 690 663 759 debemus3.
694 710 727 750 si
758 709 915 761 quando
958 709 1058 750 enim
1089 711 1232 750 mixtos
1261 710 1438 750 videmus
1468 711 1575 749 viros
1607 715 1645 749 et
1671 709 1860 758 feminas,
1900 711 1981 759 qui
2011 720 2084 750 nos
2112 699 2166 747 illi
2186 710 2241 757 1ὅ)
2272 708 2376 749 dici-

218 780 318 816 mus,
351 778 430 806 non
460 778 598 817 quae.
631 788 682 794 —
713 762 796 802 Bis
826 768 1040 802 numerant
1073 763 1212 814 ambo,
1252 764 1345 805 dum
1375 769 1520 809 exeunt
1549 769 1587 804 et
1616 775 1729 815 sero,
1770 775 1859 809 cum
1887 763 2077 813 redeunt,
2109 763 2174 805 ab
2169 763 2377 810 ambobus

218 825 475 863 numerantur
504 831 660 872 pecora..
717 817 853 862 Alter,
884 828 1069 861 noverca.
1799 841 1802 847 ,
1905 841 1909 847 .
1964 843 1966 848 .

354 876 420 915 Vs
452 873 520 916 35
578 872 795 923 Fatebere,
824 873 1022 913 fateberis.
1842 896 1844 899 >

353 931 420 970 Vs.
450 928 516 970 36.
576 927 763 966 Imanire
790 926 907 971 libet,
937 927 976 966 id
1007 933 1078 977 est,
1111 940 1187 981 ego
1219 933 1378 969 cantare
1408 929 1546 979 debeo,
1577 928 1838 981 quia‘poetae
1865 926 2037 968 insanire
2065 924 2247 969 dicuntur
2276 939 2375 969 can-

224 986 355 1028 tando.
388 1008 435 1013 —
469 983 654 1033 Pocula,
685 983 896 1035 allegorice
926 982 1003 1022 duo
1033 983 1120 1023 libri
1149 985 1440 1037 georgicorum

355 1041 421 1078 Vs.
453 1036 519 1079 37.
579 1036 762 1088 Faqina
774 1048 852 1076 non
881 1042 988 1079 recte
1019 1036 1179 1086 dicitur3
1209 1038 1365 1091 faginea
1395 1039 1495 1077 enim
1518 1033 1724 1077 dicendum
1754 1049 1803 1076 ex
1831 1035 1868 1081 fa
1900 1048 1937 1085 o,
1968 1041 2153 1087 tanquam
2171 1036 2299 1081 ulmea
2329 1038 2376 1078 ab

219 1096 323 1137 ulmo
370 1099 410 1134 et
446 1092 614 1145 populea
651 1104 673 1130 3
711 1091 867 1142 populo.
910 1113 962 1119 —
1001 1089 1152 1129 Divim·
1182 1105 1308 1141 opus,
1344 1091 1531 1132 artificem
1579 1091 1781 1143 gloriatur.
1880 1090 2166 1143 lcimedontis,
2190 1090 2376 1142 Hesiodi,

221 1151 303 1202 qui
317 1149 417 1189 duos
446 1148 568 1187 libros
599 1146 815 1197 georgicon
846 1145 1075 1196 composuit.

355 1204 421 1242 Vs
450 1200 514 1242 38
572 1199 732 1238 Facilis
759 1199 1058 1250 superaddita,
1097 1200 1290 1240 flexibilis.
1357 1200 1495 1239 Facilis
1523 1199 1573 1239 ad
1603 1198 1803 1238 materiam
1832 1185 2022 1249 refertur,
2053 1188 2115 1239 vel
2144 1181 2377 1247 ‘ad-,landem

221 1259 392 1306 artificis,
382 1256 494 1351 ,dged
525 1255 650 1308 magis
680 1253 729 1294 ad
757 1254 887 1293 vitem.
955 1253 1086 1297 Vitis,
1126 1256 1215 1306 quia
1247 1254 1296 1294 de
1325 1255 1468 1295 vitibus
1497 1253 1549 1293 ibi
1578 1253 1818 1299 mentionem
1842 1253 2030 1294 fecit..-—
2074 1251 2374 1304 Saperaddita,

222 1320 335 1355 torno
368 1326 390 1353 a
448 1313 511 1351 ita
2231 1323 2235 1326 ⁴
2352 1337 2355 1341 .

353 1367 420 1406 Vs.
451 1363 518 1406 39.
576 1363 759 1414 Hedera,
787 1362 882 1403 folio
912 1362 1022 1403 viridi
1052 1363 1099 1404 ab
1128 1362 1327 1404 haerendo
1352 1366 1406 1412 Ν)
1438 1362 1568 1403 arbori
1597 1348 1711 1405 dicta.
1779 1360 1926 1413 Vestit,
1955 1361 1994 1408 id
2021 1366 2084 1402 est
2111 1339 2310 1417 magister.
2322 1386 2377 1395 -—

223 1423 410 1475 Diffnsos
441 1425 480 1461 et
505 1420 677 1470 reliqua,
720 1418 951 1470 allegorice,
984 1417 1032 1457 de
1052 1418 1177 1471 lignis
1206 1420 1245 1458 in
1275 1419 1472 1472 georgicis
1501 1418 1633 1458 refert.
1661 1440 1719 1448 —
1753 1415 2001 1469 Corymbos,
2028 1417 2164 1458 botros
2195 1418 2376 1467 hederae

355 1477 422 1517 Vs.
453 1473 519 1516 40.
584 1472 740 1518 Conon,
773 1473 926 1514 Samius
957 1484 1129 1525 genere,
1150 1473 1460 1523 mathematicum,
1491 1473 1690 1513 stellarum
1721 1472 1990 1536 peritissimus
1999 1473 2211 1526 magister,
2229 1474 2304 1524 vel,
2335 1479 2377 1514 ut

225 1533 394 1586 quidam,
425 1529 725 1577 Alexandrinus,
756 1528 822 1579 qui
851 1540 939 1567 cum
960 1528 1179 1573 Ptolemaeo
1198 1528 1282 1568 fuit.
1306 1552 1352 1558 —
1381 1528 1493 1573 Quis
1508 1527 1595 1578 fuit
1621 1526 1744 1578 alter,
1775 1527 1879 1578 qais,
1909 1526 2078 1578 quidam.
2134 1526 2215 1567 Cur
2232 1540 2376 1569 nomen

225 1589 341 1629 huius
367 1597 449 1625 non
478 1583 638 1636 posuit?
697 1583 797 1630 Οιιί3
836 1597 857 1624 3
888 1582 1072 1627 Romanis
1110 1584 1265 1623 occisus
1296 1587 1382 1627 est,
1425 1588 1462 1623 et
1491 1586 1605 1623 acute
1634 1586 1676 1622 ut
1705 1581 1899 1621 eruditum
1924 1586 2124 1633 pastorem
2160 1582 2308 1627 inducit
2338 1588 2376 1622 et

225 1643 408 1683 edoctum
438 1638 750 1679 mathematicum
781 1636 974 1724 significat
1004 1641 1042 1676 et
1071 1637 1238 1677 eundem
1269 1637 1564 1690 philosophum,
1604 1636 1773 1676 Platonis
1802 1635 2056 1687 discipulum,
2087 1636 2169 1687 vel,
2208 1641 2252 1677 ut
2279 1638 2373 1689 qui-

225 1698 336 1748 dam,
367 1694 488 1736 Arati.

285 1755 304 1771 '²'
357 1751 422 1790 Vs.
453 1747 518 1790 41.
564 1746 722 1798 Radia,
741 1745 780 1786 id
797 1750 860 1786 est
878 1747 985 1800 virga
1006 1717 1338 1810 philosophorum,
1359 1758 1431 1798 per
1449 1757 1565 1797 quam
1584 1726 1740 1785 inventa
1761 1749 1821 1784 est
1840 1745 2069 1798 geometria.
2082 1747 2138 1793 15)
2181 1735 2374 1809 Quoniam

224 1807 332 1847 Nilus
364 1810 484 1845 totam
511 1802 734 1855 Aegyptum
763 1802 928 1853 operuit,
936 1780 1048 1840 inde
1075 1800 1294 1853 philosophi
1322 1802 1362 1841 in
1391 1804 1484 1840 aere
1513 1799 1789 1840 mensurabant
1815 1798 1912 1839 fines
1942 1800 2205 1854 singulorum,
2222 1803 2277 1850 ιο)
2308 1802 2375 1853 qui

225 1860 415 1902 deturbati
445 1871 514 1911 per
543 1869 668 1908 aquae
696 1856 881 1897 diluvium
910 1856 1077 1895 fuerant.

359 1915 425 1953 Vs
456 1912 523 1954 42.
587 1909 814 1961 Tempora,
856 1923 960 1962 quae
988 1923 1138 1948 messor
1169 1915 1207 1950 et
1236 1905 1378 1949 arator
1407 1907 1586 1948 haberet.
1643 1895 1866 1962 Allegorice
1899 1908 2108 1960 Hesiodus,
2150 1909 2216 1962 qui
2249 1915 2372 1951 artem

226 1971 449 2025 georgicam
480 1968 528 2007 (le
559 1966 796 2017 temporibus
826 1970 865 2005 et
894 1966 1033 2005 aratris
1058 1966 1267 2017 scripsit..
1691 1988 1693 1993 ,

361 2024 427 2063 Vs
458 2020 524 2063 43.
584 2019 770 2058 Necdum
801 2019 888 2059 illis
919 2018 1035 2059 labra
1066 2020 1244 2064 admovi,
1275 2019 1325 2062 ad
1354 2031 1469 2061 usum
1490 2018 1669 2059 convivii.
1689 2041 1740 2047 -—
1762 2016 1991 2058 Nfecdum
2019 1991 2242 2081 Allegorice
2269 2031 2370 2060 nec—

370 2083 434 2118 ant
461 2079 510 2117 vi

226 2082 317 2122 dum
347 2094 426 2174 cVS.
437 2092 519 2173 εἰ45.
585 2130 758 2174 Cacum,
774 2129 953 2169 circiter.
1010 2127 1156 2174 Amas,
1187 2110 1289 2170 sicut
1317 2140 1437 2171 ansae
1456 2128 1610 2169 additae
1629 2131 1733 2178 sunt,
1753 2125 1800 2176 ⁴³)
1832 2128 1888 2168 sic
1908 2111 2006 2169 duos
2031 2125 2152 2191 libros
2179 2127 2370 2185 addimus.

230 2184 473 2241 Amplexus,
503 2185 744 2227 Alcimedon
779 2206 821 2212 ——
857 2180 1073 2237 Acantho,
1103 2197 1228 2238 genus
1258 2182 1415 2225 herbae.

360 2244 425 2283 Vs
454 2240 520 2284 46.
586 2239 777 2292 Orphea,
815 2240 1074 2280 accusativus.
1139 2239 1316 2291 Orphea.
1353 2238 1516 2278 Nomina
1555 2248 1746 2290 pomposa
1775 2237 1825 2277 ad
1851 2238 2080 2290 poculorum
2105 2237 2262 2280 laudem
2291 2224 2371 2280 non

228 2301 467 2352 ineleganter
495 2296 682 2339 adiunxit
714 2318 763 2322 —
796 2292 1030 2345 sequentes,
1061 2299 1242 2344 mutataS,
1273 2294 1363 2345 quia
1391 2296 1564 2333 mutatae
1592 2296 1683 2331 sunt
1712 2291 1833 2332 silvae
1859 2293 1966 2332 illius
1990 2293 2192 2333 cantilena.

363 2354 417 2392 Vs
459 2350 524 2394 48.
593 2348 786 2393 Vitulam,
819 2360 934 2400 quam
964 2349 1129 2401 adposui
1157 2349 1314 2389 nomine
1343 2347 1528 2400 pignoris.
1547 2370 1598 2376 -
1628 2344 1752 2384 Nihil
1780 2351 1855 2398 est,
1885 2344 1999 2398 quod
2023 2347 2194 2399 pocula
2212 2347 2368 2389 laudes.

230 2409 263 2451 Ο
292 2408 510 2455 Palaemon,
539 2406 565 2446 i.
592 2417 625 2445 e.
660 2403 814 2444 Caesar.
860 2402 1117 2468 Allegorice.
1148 2404 1181 2444 si
1209 2403 1388 2443 bucolica
1416 2401 1600 2451 volueris,
1632 2400 1724 2452 quid
1752 2402 1940 2464 georgica
1968 2402 2116 2473 laudas.-
2228 2426 2231 2430 -
2264 2424 2267 2426 ψ

359 2462 425 2500 Vs.
455 2438 520 2501 49⁹.
583 2459 845 2510 Quocumque
875 2459 1050 2510 vocaris,
1078 2458 1143 2498 ad
1156 2457 1432 2510 quodcumque
1460 2456 1675 2497 vocaveris.
1722 2462 1725 2467 ·
2072 2480 2073 2483 =

361 2528 428 2566 Vs.
459 2524 524 2565 50.
582 2524 742 2562 Audiat
771 2524 921 2575 aliquis.
980 2523 1017 2563 Is
1049 2518 1193 2574 audiat,
1222 2524 1358 2575 inquit,
1381 2526 1435 2570 ¹⁷)
1467 2533 1582 2573 quem
1607 2533 1739 2562 casus·
1752 2522 1948 2574 obtulerit,
1977 2522 2127 2586 vicinus
2155 2527 2302 2603 noster
2311 2526 2366 2573 18)

231 2583 382 2635 aliquis.
413 2604 464 2610 —
496 2577 735 2622 Palaemon,
763 2578 882 2619 iudex
911 2590 1068 2629 causae,
1099 2578 1310 2632 allegorice
1334 2577 1496 2617 Caesar.

362 2648 429 2687 Vs.
463 2644 528 2686 51.
585 2642 784 2694 Efficiam
813 2655 883 2694 pro
914 2643 1104 2706 effigiem,
1127 2645 1182 2692 ¹⁹)
1221 2644 1442 2698 imaginem.
1499 2636 1698 2712 Posthac.
1735 2640 1914 2684 Posthoc.
1944 2662 1997 2673 —
2027 2639 2250 2696 Lacessas,
2287 2655 2365 2685 non

229 2713 433 2759 prov-oces
490 2700 678 2752 Propone,
709 2697 890 2749 quicquid
917 2699 1027 2749 velis,
1056 2699 1204 2751 incipe.

363 2894 414 2936 12)
438 2891 526 2925 Haec
549 2890 700 2924 cancellis
725 2882 962 2934 circumscripta
987 2890 1085 2925 verba
1109 2891 1141 2924 in
1166 2892 1279 2926 codice
1301 2890 1471 2936 putredine
1496 2889 1601 2924 deleta
1623 2895 1707 2932 sunt,
1731 2895 1767 2924 ut
1782 2890 1934 2924 ιιοιιιιιιΙΙ3
1958 2891 1990 2925 ἰιι
2006 2891 2055 2933 iis,
2078 2901 2162 2935 quae
2177 2897 2366 2935 sequuntur·

233 2945 280 2984 13)
305 2942 457 2975 Voluitne
479 2937 612 2979 illos,
631 2947 671 2969 an
697 2936 746 2969 de
772 2935 894 2969 illis?
943 2937 992 2978 1⁴)
1018 2936 1129 2970 Codex
1152 2938 1266 2972 habet:
1291 2936 1520 2972 aberendo.
1570 2936 1619 2977 1⁵)
1644 2935 1748 2969 Cod.:
1778 2939 2068 2980 geometrica.
2115 2936 2166 2978 16)
2199 2936 2364 2979 Excidisse
2398 2942 2407 2950 “

232 2989 356 3022 videtur
376 2993 588 3028 agrorum.
634 2981 670 3023 *J
697 2980 826 3015 Codex.
852 2981 980 3015 fiunt.
1027 2983 1077 3025 17)
1101 2982 1171 3016 Hoc
1194 2984 1268 3018 loco
1292 2985 1442 3027 scriptum
1468 2983 1500 3015 in
1525 2981 1656 3015 codice:
1681 2982 1854 3026 inquid,
1878 2988 1913 3016 ut
1926 2987 2050 3021 contra
2077 2991 2143 3020 non
2166 2992 2247 3016 raro
2264 2984 2316 3019 in*
2308 2994 2363 3029 :⁰⁰

231 3035 406 3068 ἰιιιειιίιιιιτ
432 3029 541 3062 aliut
564 3033 595 3061 et
618 3032 720 3071 aput
740 3027 783 3061 cs.
809 3026 850 3060 ad
872 3026 1184 3071 vs.100.1s)1n
1207 3030 1338 3064 codice.
1362 3027 1552 3070 Nosterj.
1600 3027 1709 3069 lo)1n
1733 3027 1827 3062 coda
1854 3027 2075 3072 effugiam.
2115 3042 2117 3044 ·
2343 3048 2349 3067 ‹
