2430 3177
1223 90 1256 137 8

1110 156 1380 175 Μ’

306 230 372 270 Vs.
403 226 496 270 288.
555 225 671 265 Hinc
702 221 843 268 labor,
873 221 923 263 ad
946 219 1096 263 vtuenda
1127 219 1369 262 inbecilliora
1398 219 1592 263 animalia.

303 284 372 325 Vs.
403 280 497 325 289.
555 279 775 332 Maynum,
803 277 969 319 difficile.

308 340 376 379 Vs.
407 335 501 379 290.
558 335 618 374 Et
648 333 837 386 anyustis
868 332 1022 371 addere
1051 329 1167 369 rebus
1196 329 1415 380 honorem,
1444 330 1631 370 humilem
1661 331 1862 371 materiem
1882 330 1963 372 alto
1983 341 2168 371 sermone
2188 329 2315 373 deco-

176 406 287 444 rare3
316 394 374 434 sic
401 393 440 432 in
468 395 607 443 quarto
619 393 681 438 ⁷):
712 389 757 426 in
785 388 899 427 tenui
929 385 1050 425 labor
1090 390 1135 424 at
1174 385 1309 424 tenuis
1338 399 1421 423 uon
1450 385 1605 437 yloria.
1639 410 1681 415 -
1720 383 1945 437 Anyusffs.
1977 385 2197 426 subtilibus.

312 449 379 488 Vs.
409 445 502 488 291.
565 443 652 482 Sed
680 455 754 481 me.
811 443 902 482 Vult
929 445 1045 494 poeta
1074 452 1120 481 se
1149 440 1359 481 ostendere
1388 441 1551 492 primum
1582 440 1846 480 Romanorum
1877 452 2035 480 carmen
2061 439 2110 480 de
2138 440 2317 493 agricul-

178 509 266 544 tura
306 502 584 554 conposuisse,
619 511 710 538 cum
749 496 853 550 apud
893 497 1064 537 Graecos
1094 494 1313 535 Nicandrus
1354 499 1393 535 et
1422 495 1616 535 Hesiodus
1658 495 1875 548 georgicon
1912 494 2037 535 libros
2076 495 2315 546 scripserint.

177 560 360 598 ΙυΝιωυε
390 556 492 596 dicit.
523 577 578 583 —-
607 551 786 591 Deserta
820 564 898 603 per
938 551 1094 594 ardua,
1124 550 1285 590 Helicon
1318 554 1356 589 et
1386 549 1640 601 Cithaeronss)
1671 550 1792 590 Musis
1823 553 1975 589 montes
2007 549 2186 590 dedicati.

312 613 378 651 Vs.
409 608 503 651 292.
563 608 776 660 Raptam)
808 620 943 651 amor,
967 606 1005 646 id
1036 610 1097 645 est
1126 617 1237 646 amor
1263 604 1459 645 scribendi
1487 605 1587 659 rapit
1616 617 1679 645 me
1709 616 1807 657 opus
1837 604 1887 646 ad
1916 603 2081 645 arduum
2110 608 2149 644 et
2176 602 2321 644 anullo

180 672 271 709 ante
298 666 616 717 descriptum.¹⁰)
649 686 699 692 —
731 661 873 714 luyis,
902 674 972 715 per
996 662 1102 713 iuga.

313 721 379 761 Vs.
408 717 502 761 293.
565 716 814 761 Castaliam,
855 727 990 764 mons,
1031 716 1094 757 alii
1133 714 1266 755 dicunt
1304 713 1475 762 fonte1n3
1515 714 1576 754 vel
1611 714 1780 756 Castalia
1818 725 1930 753 mons
1961 713 2130 754 Parnaso
2169 712 2320 754 vicinus

180 777 308 818 dictus
338 789 362 817 a
392 774 558 825 Castali,
590 772 728 825 Delphi
756 771 852 823 filia,
893 771 1060 823 Neptuni
1087 774 1242 822 nepote.
1281 791 1334 798 —-
1376 768 1528 820 Molli,
1567 769 1693 820 facili,
1736 769 1871 813 clivo,
1912 769 2074 818 itinere;
2112 767 2211 809 ordo
2240 771 2321 808 est:

181 843 259 884 qua
285 830 391 872 nulla
419 830 592 883 priorum
622 828 746 869 orbita
777 826 982 867 Castaliam
1012 825 1238 865 devertitur.
1267 846 1323 853 -
1360 823 1527 868 Orbita,
1558 829 1669 864 rotae
1697 824 1920 878 vestigium.

315 885 382 926 Vs.
411 883 504 926 294.
563 882 710 926 Pales,
743 881 815 921 dea
844 881 973 934 pabuli
1000 878 1232 919 invocanda.

315 940 382 980 Vs.
412 937 506 981 295.
567 936 754 976 ‚Stabulis
795 937 838 973 in
873 933 1091 977 mollibus,
1123 913 1385 972 ,clementiffis
1426 934 1528 973 aeris
1568 933 1823 986 temperantia
1861 932 1945 972 sive
1983 936 2140 985 propter
2168 930 2322 985 plagam
2383 936 2386 937 ’

186 995 420 1043 australem,
453 994 536 1034 sive
566 996 727 1046 propter
755 990 896 1030 herbas
928 989 1150 1041 subpositas
1182 987 1425 1028 animalibus.
1456 1009 1510 1016 ——
1540 986 1588 1026 In
1617 987 1832 1032 mollibus,
1862 987 2031 1028 molliter
2058 986 2204 1028 stratis.

317 1050 384 1089 Vs.
415 1046 507 1090 296.
566 1046 675 1084 Dum
705 1058 823 1093 mox,
855 1044 980 1085 donec
1009 1055 1173 1083 vernum
1204 1047 1356 1094 tempus
1387 1041 1580 1083 adveniat.

318 1104 384 1144 VS.
417 1101 510 1144 297.
569 1100 802 1151 Μαηὶρῖἰε,
834 1099 1020 1139 fascibus.

318 1159 384 1198 Vs.
415 1157 509 1199 299.
570 1156 705 1196 Molle
741 1167 893 1206 pecus,
931 1153 1105 1205 respexit
1145 1150 1195 1192 acl
1226 1164 1382 1200 curam,
1423 1164 1525 1204 quae
1555 1152 1639 1191 sine
1666 1152 1805 1204 pannis
1834 1156 1872 1190 et
1901 1149 2221 1190 medicaminibus
2249 1159 2330 1189 non

186 1216 277 1311 sitin
309 1212 456 1261 Ferat,
485 1215 686 1266 procreat,
718 1215 760 1250 ut
788 1210 858 1250 ibi:
899 1209 1083 1261 quidque
1120 1207 1234 1257 ferat
1277 1206 1408 1258 φορῶ.
1437 1229 1489 1235 -—
1522 1205 1820 1259 Turpesqueu)
1844 1205 2078 1258 poclayraS,
2107 1204 2329 1257 turpissima

183 1282 235 1311 vu
279 1280 358 1310 era.

319 1324 387 1363 Vs.
417 1320 510 1363 300.
569 1319 797 1363 Postln‘nc,
830 1331 918 1358 cuin
949 1318 1026 1358 hoc
1054 1317 1209 1357 feceris.

320 1378 388 1419 Vs.
417 1375 512 1418 301.
570 1375 751 1420 Arbuta,
781 1374 952 1426 speciem
982 1385 1052 1426 pro
1082 1383 1228 1424 genere
1265 1371 1407 1424 posuit.
1439 1394 1488 1400 —
1520 1369 1714 1421 Fluvios,
1753 1382 1875 1422 aquas
1914 1369 2043 1410 statim
2082 1369 2244 1411 haustas
2260 1368 2331 1419 ¹²),

188 1447 277 1478 nam
306 1434 340 1474 si
369 1433 520 1486 pigram
549 1431 792 1485 potaverint,
823 1428 951 1468 statim
982 1427 1160 1475 morbum
1190 1426 1436 1466 contrahunt.
1467 1449 1521 1454 —
1552 1425 1781 1470 Rea-enses,
1808 1426 1934 1478 iuges.

323 1488 389 1527 Vs.
422 1485 514 1528 302.
572 1484 610 1524 A
641 1486 794 1528 ventis,
824 1483 990 1536 figurate
1020 1482 1110 1522 dicit
1149 1486 1286 1521 ventos
1317 1481 1559 1532 perferentes
1590 1481 1788 1521 hibernos,
1829 1504 1878 1508 -
1922 1478 2111 1518 Hiberna
2142 1477 2246 1525 soli,
2282 1477 2334 1518 ad

192 1542 393 1586 meridiem
403 1556 415 1592 3
444 1541 638 1588 hiberno,
678 1541 766 1592 quia
799 1543 936 1579 contra
963 1537 1118 1590 plagam
1159 1535 1412 1576 meridianam
1444 1536 1505 1576 sol
1534 1536 1655 1576 currit
1683 1548 1754 1588 per
1782 1535 1972 1586 hiemem,
2015 1534 2122 1587 quod
2151 1533 2333 1586 explanat

192 1598 348 1639 dicens:
379 1597 429 1637 ad
458 1596 630 1636 medium
660 1605 850 1635 conversa
880 1592 995 1632 diem.
1406 1616 1417 1628 .

327 1653 394 1692 Vs.
425 1649 518 1692 304.
576 1649 660 1688 Iam
697 1649 836 1697 cadit,
872 1660 959 1688 cum
989 1647 1195 1686 transitum
1237 1645 1375 1686 fecerit
1412 1646 1459 1687 ab
1500 1645 1661 1698 aquario
1693 1645 1742 1686 ad
1772 1645 1944 1697 piscem:
1988 1644 2127 1688 cadit,
2166 1641 2333 1692 occidit;

194 1713 376 1748 extremo
408 1719 539 1756 amm,
568 1704 859 1753 februarium),
891 1702 956 1752 qui
986 1706 1045 1741 est
1074 1701 1255 1749 ultimus,
1288 1701 1380 1751 quia
1409 1702 1549 1740 martio
1580 1711 1704 1740 annus
1734 1700 1881 1751 incipit.
1912 1722 1967 1727 -—
1996 1697 2225 1742 Eoetremo,
2254 1708 2335 1738 non

194 1769 372 1804 extremo
401 1772 527 1811 anno,
559 1759 629 1800 sed
660 1763 837 1799 extremo
852 1759 904 1804 ¹⁴)
937 1757 1026 1795 anni
1056 1759 1255 1808 tempore,
1295 1754 1334 1794 id
1372 1759 1432 1794 est
1461 1766 1596 1795 mense
1625 1754 1916 1805 februari0¹⁸];
1948 1759 2100 1795 constat
2129 1753 2231 1793 enim
2261 1763 2333 1804 pro

193 1813 592 1914 nulmerofsignorum
623 1815 738 1854 etiam
768 1822 924 1852 menses
955 1810 1133 1851 ordinem
1161 1821 1276 1850 suum
1307 1809 1465 1850 habere.
1522 1807 1733 1862 Aquarius
1762 1809 1865 1848 idem
1895 1813 1934 1848 et
1965 1807 2239 1860 Ganymedes,-
2267 1808 2335 1860 qui

191 1873 244 1915 im
272 1883 337 1914 res
380 1871 469 1911 acit.
1550 1896 1557 1902 .

326 1926 392 1966 Vs.
422 1921 517 1966 306.
575 1921 767 1966 Milesia,
797 1920 951 1960 Miletus
982 1919 1116 1959 civitas
1147 1917 1285 1968 Asiae,
1316 1918 1380 1958 ubi
1410 1918 1523 1958 lanae
1561 1918 1867 1971 pretiosissimae
1897 1921 1936 1958 et
1964 1916 2216 1958 mollissimae
2244 1920 2337 1960 sunt

195 1983 417 2033 tinctaeque
444 1980 613 2032 migrant
640 1977 678 2017 in
706 1987 931 2029 purpuram.
962 1997 1016 2002 -
1046 1972 1229 2026 Magyno,
1257 1973 1296 2013 id
1326 1977 1386 2014 est
1411 1973 1548 2026 pretio.

327 2036 394 2076 Vs.
423 2031 518 2076 307.
578 2031 775 2077 Incocta,
815 2030 928 2070 valde
967 2034 1091 2069 cocta.
1131 2052 1184 2058 —
1229 2026 1398 2081 Tyrios,
1437 2028 1626 2081 figurate,
1664 2028 1755 2080 quia
1792 2026 1999 2081 coquendo
2028 2026 2189 2080 Tyrium
2217 2027 2335 2070 traxit

198 2092 384 2134 colorem.
447 2087 618 2141 Tyrios,
649 2088 689 2126 in
718 2085 910 2125 Phoenice
938 2084 1044 2124 urbs.
2045 2096 2048 2098 ·
2230 2079 2233 2083 ’

331 2146 398 2185 Vs.
428 2142 521 2185 308.
579 2140 763 2179 Densior
792 2139 888 2178 hinc
919 2137 1110 2186 soboleS,
1138 2137 1252 2179 binos
1281 2137 1436 2191 pariunt
1464 2137 1648 2191 capellae.

330 2200 398 2240 Vs.
428 2197 523 2240 309.
587 2196 716 2241 Quam
746 2192 897 2246 magis.
928 2205 1007 2245 quo
1038 2194 1177 2247 magis.

330 2255 399 2294 Vs.
429 2251 523 2294 310.
580 2250 764 2294 pressis,
795 2249 982 2289 mulctris,

331 2310 398 2349 Vs.
428 2306 522 2350 311.
581 2305 750 2348 lucana,
780 2303 893 2345 valde
921 2303 983 2343 vel
1010 2302 1184 2342 nimium.
1214 2323 1268 2331 —
1297 2299 1465 2339 Barbas
1494 2312 1598 2342 nunc
1627 2300 1677 2341 de
1706 2299 2035 2354 quadrupedibus,
2064 2312 2155 2342 nam
2173 2300 2337 2342 barbam

200 2364 422 2414 hominum,
452 2361 594 2404 barbas
624 2359 818 2412 pecudum
849 2357 1035 2406 dicimus,
1066 2359 1119 2397 ita
1149 2356 1261 2406 dicit3
1299 2361 1429 2396 tamen
1459 2355 1536 2396 hoc
1567 2355 1825 2396 Commium
1862 2356 1981 2396 vincit
2009 2355 2166 2396 dicens:
2206 2360 2337 2397 errant

202 2420 268 2472 qui
297 2420 336 2458 in
364 2417 584 2458 hominibus
614 2415 798 2463 barbam,
830 2415 867 2454 in
897 2413 1014 2453 hircis
1033 2414 1085 2460 ¹⁴)
1116 2412 1256 2451 barbas
1286 2410 1361 2451 dici
1391 2414 1551 2464 putant,
1584 2410 1655 2451 sed
1685 2415 1795 2451 recte
1822 2410 1983 2452 barbam
2011 2411 2052 2451 in
2079 2422 2158 2452 uno
2178 2409 2337 2452 homine

202 2473 453 2526 singulariter
482 2477 519 2512 et
548 2470 746 2523 pluraliter
774 2469 812 2508 in
841 2467 1015 2520 pluribus
1045 2466 1166 2507 dicas.

336 2528 402 2567 Vs.
433 2525 525 2567 312.
580 2522 811 2575 Cinyphii,
851 2522 984 2574 Libyci
1024 2534 1046 2561 a
1085 2520 1205 2561 fluvio
1240 2519 1426 2573 Cinyphe.
1489 2519 1770 2571 Cinyphiusw)
1810 2519 1954 2560 fluvius
1994 2519 2260 2568 Gaetuliae¹⁷)
2297 2520 2338 2560 in

204 2581 337 2622 Africa
366 2594 487 2634 prope
517 2581 792 2628 Garamantas,
824 2578 927 2617 circa
958 2589 1073 2628 quem
1101 2576 1199 2616 hirci
1228 2579 1443 2615 nascuntur
1471 2574 1681 2614 admodum
1710 2575 1834 2626 pilosi.
1875 2597 1926 2604 —
1971 2572 2186 2621 Tandem,
2226 2574 2339 2616 deest

204 2643 405 2690 pastores,
435 2641 478 2675 ut
507 2636 557 2675 sit
584 2634 778 2687 genitivus
808 2643 924 2672 casus
957 2631 1199 2684 Cinyphiiffl)
1229 2630 1337 2671 hirci.
1402 2627 1592 2668 Tondeat
1621 2640 1692 2682 pro
1721 2628 1919 2669 tondeant.
2072 2630 2074 2632 ’

338 2691 404 2731 Vs.
431 2687 528 2784 {313
593 2688 712 2728 Usum
743 2688 787 2725 in
816 2691 1065 2731 castrorum,
1094 2685 1271 2727 tentoria.
1301 2705 1353 2715 —
1386 2682 1446 2724 Et
1473 2684 1629 2722 miseris
1657 2684 1809 2728 nautis,
1840 2685 1906 2736 qui
1934 2683 2160 2737 frequenter
2177 2684 2336 2737 patiun-

206 2752 269 2787 tur
295 2746 429 2799 pericu
445 2757 480 2785 a.

336 2931 516 2975 ⁴1)Ge0rg.
550 2928 613 2971 Ν,
643 2926 678 2962 6.
723 2927 759 2970 Β)
791 2926 911 2961 licon
952 2931 996 2960 et
1033 2926 1249 2961 citheron.
1304 2926 1339 2969 9)
1380 2931 1538 2970 reptat.
1595 2926 1644 2967 to)
1677 2925 1956 2960 describtum.
2013 2925 2063 2969 11)
2097 2930 2338 2978 ugpesque.

208 2991 259 3078 ἐξ)
283 2987 539 3079 ἓξέἑῗῗϋ.13)
572 2985 805 3021 febroario.
856 2985 903 3025 u)
935 2985 1124 3018 extremi.
1174 2983 1224 3026 15)
1256 2982 1396 3018 hirtis.
1444 2983 1494 3025 16)
1526 2982 1719 3027 cinuphe
1749 2982 1995 3028 cinupbius.
2042 2982 2092 3025 1¹1)
2116 2980 2338 3018 atthaliae.
