2430 3177
1238 93 1268 138 4

317 219 385 259 Vs.
417 216 480 259 62.
541 217 592 257 In
621 218 803 268 sulcum,
832 220 871 259 in
902 218 1080 260 ordinem
1110 216 1304 268 arandae,
1334 221 1520 261 mercede
1549 231 1621 275 pro
1650 221 1867 271 laboreu).
1899 243 1952 251 —
2001 220 2051 261 In
2080 220 2258 266 sulcum,
2294 221 2335 262 in

188 273 379 316 culturam
408 273 470 312 vel
499 275 536 314 iu
565 275 759 314 scrobem.
817 272 1089 319 Domandae,
1121 276 1438 328 congregandae.

322 330 386 368 Vs.
417 326 483 369 63.
521 346 524 347 ⁷
549 327 745 376 Truncis,
776 330 971 382 stipitibus
1002 330 1064 370 vel
1094 330 1218 370 taleis,
1242 353 1290 359 —
1323 329 1501 378 Melius,
1532 331 1650 372 modo
1669 330 1774 372 unde
1793 331 1933 373 melius
1952 336 2170 373 nascuntur
2199 329 2335 374 docet.

192 382 345 422 Melius
374 395 445 435 pro
476 384 578 424 bene
606 386 758 438 posuit,
790 385 852 424 vel
881 385 972 437 quia
1002 385 1158 425 aliunde
1189 385 1311 435 bene,
1343 386 1433 427 hinc
1462 387 1600 427 melius
1632 391 1704 426 est.

319 438 385 477 Vs.
418 436 482 479 64.
544 438 840 490 Respondent,
874 441 1144 491 consentiunt,
1178 441 1424 493 proveniunt.
1455 464 1510 472 —-
1540 441 1700 492 Solido,
1732 441 1860 482 valde.

323 493 388 533 Vs.
423 492 487 535 65.
546 493 737 540 Plantis,
769 495 930 535 semine.
977 493 1121 534 Durae
1141 507 1221 535 non
1241 495 1288 536 ad
1308 496 1471 550 lignum,
1501 497 1572 537 sed
1593 497 1640 538 ad
1662 497 1844 538 fructum.
1891 493 2149 542 Nascuntur,
2177 497 2332 538 subau-

190 548 291 589 ditur
320 549 459 589 melius
488 550 740 602 respondent.
771 572 825 578 —
852 548 1018 596 Durae,
1048 551 1137 591 alibi
1163 550 1312 589 edurae
1332 552 1537 606 leguntur,
1568 557 1612 593 ut
1633 553 1874 606 celerumque
1897 553 2038 605 pirum
2049 553 2121 602 ⁸⁵).
2175 549 2333 606 Corylz‘,

189 603 348 655 corylus
380 610 439 644 est
469 618 517 644 ex
547 617 624 656 qua
655 604 880 643 cavellaria
908 619 990 647 nux
1014 608 1198 646 nascitur.

322 658 388 698 Vs.
421 657 487 700 66.
544 659 925 712 Herculeaequew)
956 662 1095 711 arbos,
1127 660 1302 714 populis,
1332 665 1376 701 ut
1405 662 1495 703 alibi
1525 661 1734 701 Herculea
1765 660 1942 703 bicolor.

321 713 387 753 Vs.
419 712 484 755 67.
548 714 808 767 Chaoniique
835 718 973 767 patris
1001 715 1202 768 ylancles,
1234 715 1337 757 Iovis
1358 717 1542 770 Epirotici
1571 729 1755 770 quercus.
1775 739 1832 746 -
1859 716 2006 757 Ardua
2034 716 2199 770 palma,
2229 727 2336 758 nunc

192 767 269 808 alta
298 773 366 809 aut
395 774 503 810 certe
533 770 639 822 quod
670 771 836 810 moleste
866 771 1142 811 adscendatur.

324 823 390 863 Vs.
422 823 487 865 68.
546 823 696 870 Abies,
727 825 805 865 duo
835 831 927 866 sunt
958 839 1103 879 genera
1125 825 1282 876 abietis,
1313 836 1435 866 unum
1466 825 1571 878 quod
1590 826 1749 867 fabricis
1780 828 1899 880 vulgo
1932 827 2065 878 datur,
2097 825 2203 868 aliud
2229 825 2337 877 quod

190 876 240 917 ad
263 876 464 920 faciendas
484 892 604 920 naves
645 885 683 920 et
709 881 892 931 popinas
932 882 1052 935 vulgo
1092 881 1244 921 dicitur.
1267 902 1319 910 —
1360 881 1508 920 Visum
1537 894 1609 934 pro
1639 893 1829 936 passura,
1860 887 1904 924 ut
1921 880 2128 921 Aetnaeos
2140 883 2196 930 37)
2229 881 2336 920 vidit

195 930 405 986 Cyclopas
444 934 614 987 Ulixes,
645 940 704 975 et:
736 949 922 989 quaeque
952 936 1044 988 ipse
1073 936 1297 974 miserrima
1326 936 1441 989 vidi,
1470 941 1508 976 et
1537 936 1733 989 patiendo.

324 989 390 1029 Vs.
424 988 489 1030 69.
549 989 750 1029 Inseritur
779 1003 873 1029 vero
905 996 943 1032 et
971 992 1144 1044 reliqua,
1176 991 1214 1030 in
1245 991 1384 1032 arbuto
1414 1004 1578 1042 nucem,
1609 994 1648 1033 in
1673 992 1830 1044 platano
1860 992 2028 1043 malum,
2055 991 2094 1032 in
2127 990 2221 1046 fago
2259 1002 2334 1033 ca·-

189 1047 388 1094 staneam,
418 1045 457 1084 in
485 1057 583 1086 orno
614 1047 740 1100 pirum
769 1047 991 1087 inserimus.
1023 1069 1076 1076 -
1106 1045 1317 1091 Horrida,
1349 1047 1514 1101 hispida,
1546 1047 1705 1088 horrida
1723 1060 1842 1088 versu
1873 1047 2088 1101 dactylico,
2117 1058 2209 1088 nam
2234 1046 2337 1088 male

191 1098 349 1151 quidam
379 1099 549 1139 horrens
578 1101 725 1153 legunt.
756 1124 812 1130 —

325 1155 391 1194 Vs.
424 1154 489 1196 70.
548 1157 653 1197 Heu!
684 1157 782 1197 heul
812 1161 1000 1198 tractatus
1026 1155 1137 1197 deest
1165 1157 1213 1197 ab
1243 1156 1320 1198 hoc
1348 1157 1438 1198 loco
1470 1168 1597 1209 usque
1627 1162 1668 1197 et
1697 1158 1924 1210 inqensssss).

324 1209 391 1249 Vs.
422 1210 487 1251 71.
553 1210 781 1250 castaneae
809 1211 935 1264 figura
967 1224 1014 1252 ac
1043 1212 1251 1266 hypallage
1264 1214 1335 1261 ³⁹).
1394 1213 1481 1253 Non
1512 1214 1614 1252 enim
1645 1218 1853 1254 castaneae
1880 1214 2090 1266 fagosw),
2120 1210 2192 1253 sed
2219 1210 2336 1265 fagus

193 1269 420 1316 castaneas,
459 1272 504 1307 ut
533 1267 622 1307 alibi
651 1266 752 1305 dare
783 1265 983 1305 classibus
1013 1271 1200 1312 austros,
1241 1280 1320 1307 non
1351 1273 1508 1308 austros
1541 1268 1756 1319 classibus,
1795 1268 1868 1310 sed
1904 1269 2053 1310 classes
2093 1267 2250 1308 austris.
2281 1289 2337 1295 —

192 1318 333 1372 Γαρεις
371 1322 633 1363 nominativus
675 1321 872 1374 Graecus,
908 1322 1016 1374 quod
1054 1334 1135 1363 non
1166 1322 1307 1374 credo,
1346 1324 1437 1376 quia
1464 1322 1582 1377 fagus
1611 1322 1837 1378 fungendo,
1876 1324 2009 1366 verius
2049 1327 2180 1364 autem
2217 1321 2335 1376 fagos

219 1387 263 1416 ro
292 1375 388 1416 faoi.

192 1387 215 1428 p
326 1410 402 1470 θεῖ
426 1430 491 1480 73.
547 1431 640 1471 Nec
678 1432 821 1470 modus
858 1433 1049 1472 inserere.
1113 1432 1200 1472 Non
1238 1432 1343 1473 idem
1382 1432 1524 1475 modus
1562 1433 1784 1486 inserendi,
1825 1433 1892 1487 qui
1929 1437 1991 1474 est
2029 1431 2335 1481 inoculandi⁴¹).

199 1484 356 1524 Oculos
397 1499 467 1539 pro
506 1488 672 1542 gemmis
711 1488 989 1540 metaphorice.
1053 1486 1244 1539 Simplex
1283 1487 1354 1528 sed
1389 1489 1550 1530 fortuita
1579 1492 1800 1539 ratione⁴²)
1841 1495 1879 1530 et
1915 1489 2064 1543 ingenti
2100 1488 2248 1528 labore.
2285 1509 2340 1517 —

193 1537 286 1578 Nec
314 1542 456 1580 modus
487 1549 525 1583 et
554 1544 716 1594 reliqua.
773 1543 886 1583 Nunc
915 1543 1053 1583 transit
1083 1543 1132 1583 ad
1160 1544 1396 1594 insitionem,
1428 1557 1531 1596 quae
1551 1544 1697 1598 duplex
1726 1550 1798 1595 est,
1830 1557 1922 1585 nam
1948 1549 2016 1584 aut
2033 1544 2164 1584 insitio
2183 1542 2337 1593 dicitur,

195 1607 284 1636 cum
315 1595 408 1636 fisso
439 1602 578 1638 trunco
608 1597 788 1638 surculus
819 1598 1012 1638 fecundae
1047 1599 1198 1638 arboris
1227 1599 1349 1638 sterili
1387 1600 1595 1651 inseritur,
1637 1605 1706 1642 aut
1743 1600 1949 1642 oculorum
1992 1598 2212 1652 impositio,
2250 1609 2338 1639 cum

193 1649 362 1691 inscisso
395 1653 540 1693 cortice
569 1653 718 1692 alienae
748 1652 899 1692 arboris
930 1653 1160 1705 germen43)
1190 1653 1412 1693 inserimus.
2284 1668 2288 1673 ‘

331 1707 396 1745 Vs.
427 1706 492 1747 74.
558 1706 772 1758 Tradunt,
801 1707 1012 1760 pullulant,
1043 1708 1272 1756 iaciuntu).

328 1761 395 1801 Vs.
426 1760 491 1802 75.
549 1761 609 1801 Et
640 1767 782 1801 tenues
811 1767 1005 1813 rumpunt
1035 1763 1221 1807 tunicas,
1261 1762 1467 1804 interiores
1497 1763 1681 1805 arborum
1711 1764 1832 1806 libros
1845 1767 1917 1813 4⁵).
1947 1786 2000 1793 --·
2055 1761 2234 1803 Tunicas
2263 1773 2335 1817 pro

197 1815 407 1857 corticibus
439 1817 543 1858 dicit.
1635 1825 1637 1829 '

327 1872 394 1911 Vs.
425 1871 491 1912 77.
550 1871 796 1917 Inelndunt,
828 1872 1071 1926 coniungunt
1099 1874 1267 1924 quae‘fl)
1299 1885 1349 1913 ex
1378 1873 1503 1914 aliena
1534 1873 1717 1926 [arboreJ.
1775 1872 2031 1918 molescere,
2061 1884 2336 1925 concrescere,

197 1925 501 1977 cohaererev),
521 1928 709 1981 inligari,
740 1927 957 1968 inhaerere.
989 1949 1041 1956 —-
1072 1925 1234 1973 Libro,
1254 1928 1479 1969 inferiorem
1507 1931 1698 1970 corticem
1726 1928 1819 1971 dicit
1847 1930 2001 1970 librum.

330 1982 395 2021 Vs.
428 1981 492 2023 78.
551 1981 741 2026 Εηοᾱεε,
773 1983 858 2022 sine
886 1982 1004 2023 nodo.

329 2037 395 2076 Vs.
427 2036 493 2078 80.
551 2036 755 2088 Plantae,
785 2050 808 2077 a
836 2037 1110 2090 pangendoss‘)
1142 2038 1254 2090 quasi
1284 2050 1437 2092 pangae
1466 2038 1607 2080 dictae.

329 2093 396 2132 Vs.
426 2091 493 2133 81.
552 2091 681 2130 Exiit
711 2092 766 2130 acl
796 2092 974 2136 caelum,
1012 2093 1154 2134 nimiae
1182 2093 1440 2134 festinationis
1470 2095 1716 2147 properatio,
1751 2098 1795 2135 ut
1823 2095 1873 2135 ad
1902 2094 2053 2136 caelum
2082 2093 2338 2135 subcrescere

198 2146 365 2197 diceret,
397 2149 459 2187 cui
489 2147 706 2188 sufficiebat
736 2149 855 2187 exire.
886 2170 941 2175 —
970 2147 1203 2192 Felicz‘bus,
1234 2148 1439 2188 fertilibus.

331 2203 396 2243 Vs,
426 2201 493 2244 83.
552 2201 780 2241 Praeterea
808 2207 845 2242 et
873 2203 1045 2255 reliqua,
1076 2215 1182 2243 nunc
1211 2204 1326 2244 etiam
1346 2203 1386 2243 in
1416 2203 1582 2258 singulis
1611 2203 1795 2245 arborum
1814 2204 2021 2257 speciebus
2048 2215 2138 2245 esse
2166 2204 2336 2256 aliquam

199 2257 428 2298 varietatem
459 2258 610 2298 dicitur.

332 2313 397 2353 Vs.
428 2311 493 2353 84.
553 2312 765 2364 Lotoqne‚
806 2311 927 2365 vulgo
965 2311 1055 2352 faba
1093 2313 1246 2353 rissica.
1303 2312 1492 2363 Lotos40)
1532 2314 1702 2368 nympha
1731 2314 1846 2355 aliam
1877 2326 1961 2354 rem
1989 2314 2146 2367 fugiens
2185 2313 2225 2353 in
2263 2324 2334 2354 ar-

198 2365 333 2407 borem
364 2369 424 2407 sui
455 2369 622 2408 nominis
653 2379 780 2407 versa.
811 2389 864 2395 —
900 2365 1136 2419 Ciparissis.
1195 2368 1415 2420 Ciparissus
1445 2369 1518 2410 fuit
1545 2369 1736 2422 Nympha,
1767 2382 1884 2421 quam
1913 2370 2094 2411 Silvanus
2123 2368 2278 2410 occidit.

333 2423 398 2461 Vs.
429 2421 495 2463 85.
554 2421 645 2460 Nec
669 2423 850 2473 pinques
881 2427 919 2462 et
947 2423 1118 2474 reliqua3
1148 2423 1230 2463 vult
1259 2422 1390 2464 dicere
1418 2425 1609 2465 olivarum
1639 2425 1760 2464 multa
1790 2436 1880 2465 esse
1907 2436 2068 2478 genera.
2099 2445 2151 2454 —-
2207 2423 2335 2463 Unam

200 2475 245 2513 in
272 2476 444 2526 faciem,
475 2478 514 2517 in
544 2478 833 2517 similitudinem
865 2477 1052 2526 eandem,
1083 2478 1145 2517 vel
1174 2479 1212 2518 in
1242 2477 1421 2520 formam.
2032 2503 2044 2511 -

335 2531 400 2570 Vs.
429 2531 493 2572 86.
561 2532 773 2570 orchades
803 2544 825 2572 a
855 2532 1106 2572 similitudine
1137 2533 1406 2573 testiculorum
1427 2534 1567 2585 dictae,
1597 2546 1697 2586 quos
1723 2533 1860 2574 Graeci
1889 2529 2097 2585 39x8⁶c⁵⁰)
2128 2531 2332 2586 appellant.

201 2583 361 2623 Pausia
391 2587 490 2626 oliva
522 2600 543 2627 a
570 2587 828 2640 paviendo⁵¹)
860 2587 983 2637 dicta,
1016 2587 1053 2627 id
1084 2593 1144 2628 est
1171 2587 1362 2639 rudendo,
1394 2590 1557 2629 multum
1578 2590 1680 2629 enim
1710 2589 1884 2629 humoris
1915 2588 2034 2630 habet
2052 2588 2138 2641 plus
2169 2592 2210 2627 et
2235 2598 2332 2628 ros-

201 2642 258 2681 sia
284 2642 407 2693 -vulgo
439 2641 578 2680 dicitur
606 2642 644 2680 id
679 2647 739 2681 est
767 2643 902 2682 bacca.
933 2664 987 2670 —
1018 2641 1174 2691 Radit,
1204 2643 1330 2683 olivae
1360 2656 1381 2683 a
1401 2644 1660 2698 longitate⁵²)
1689 2644 1922 2684 nominatae.
1981 2641 2155 2696 Amara,
2184 2641 2332 2683 viridis.

207 2694 421 2734 orchades
455 2700 494 2733 et
523 2696 636 2733 radii
666 2701 706 2734 et
736 2710 874 2734 amara
898 2697 1054 2748 pausia
1084 2696 1237 2741 bacca3
1268 2698 1523 2740 subauditur:
1553 2711 1631 2739 non
1659 2711 1776 2740 unam
1805 2701 2021 2739 nascuntur
2048 2699 2089 2739 in
2116 2698 2269 2739 faciem.

334 2850 384 2889 3⁴)
409 2850 445 2882 In
470 2851 612 2893 margine
637 2856 803 2894 praeterea
829 2851 869 2884 ad
897 2862 968 2885 voc.
995 2851 1199 2885 mercede
1232 2851 1448 2894 adscriptum:
1486 2853 1681 2896 virtute„
1705 2863 1788 2897 quae
1821 2854 1950 2887 varians
1975 2853 2071 2886 lectio
2095 2862 2168 2886 esse
2192 2851 2332 2886 videtur.

204 2895 254 2935 35)
281 2894 473 2938 phyrum.
522 2897 571 2937 36)
598 2895 942 2940 liei-culiaeaeq3.
985 2902 1036 2936 37)
1062 2897 1263 2930 ethncos.
1304 2898 1355 2939 38)
1382 2897 1432 2932 cf.
1459 2898 1500 2931 ad
1527 2898 1747 2942 Eclog.Vlll,
1771 2897 1827 2932 26.
1868 2899 1919 2940 39)
1943 2899 2143 2943 ypalage.
2183 2898 2235 2939 40)
2260 2908 2332 2931 ra-

205 2950 304 2972 mos.
352 2942 401 2981 41)
435 2941 754 2974 inoccultandi.
803 2943 854 2983 42)
890 2943 999 2976 forti
1033 2945 1225 2976 racione.
1273 2944 1324 2984 43)
1359 2945 1530 2986 genuis.
1577 2946 1628 2985 44)
1654 2945 1834 2978 ieciunt.
1882 2936 2122 2986 45Jlihras.
2169 2942 2332 2986 46)1n-

206 2985 393 3018 cludunc
418 2988 605 3030 iungunt
638 2998 793 3031 quaex.
841 2989 892 3029 47)
918 2989 1088 3023 choere.
1135 2989 1187 3031 48)
1223 2999 1272 3032 ap
1297 2990 1513 3034 augendo.
1560 2991 1612 3032 49)
1649 2990 1931 3024 suberissica
1963 2990 2066 3024 loto.
2111 2989 2164 3032 5⁰)
2200 2999 2331 3034 ορκεις.

205 3031 256 3072 51)
282 3033 513 3075 paciendo.
560 3034 611 3075 52)
636 3033 910 3078 longuitate.
1510 3038 1514 3042 ⁴
2137 3045 2139 3047 ’
