2430 3177
1168 56 1201 103 9

114 190 154 232 id
183 195 243 231 est
268 200 425 237 amm-es
456 187 578 242 pueri.
636 188 716 230 Sub
741 187 875 228 Alexis
916 188 1074 229 nomine
1113 191 1152 229 in
1188 190 1261 232 hac
1293 188 1431 242 ecloga
1459 187 1532 229 tria
1559 188 1822 242 intellegenda
1850 197 1966 239 sunt,·
1994 196 2118 247 primo
2150 204 2259 241 vetus

113 250 248 298 pastor
271 244 541 294 historialiter,
575 255 692 295 quem
712 243 942 283 Theocritus
971 243 1127 296 scripsit
1155 246 1192 284 in
1223 256 1395 292 amorem
1415 243 1525 295 pueri
1554 245 1700 284 arsisse
1709 257 1720 294 ;
1752 247 1926 287 secundo
1946 249 2130 303 Virgilius
2159 253 2261 294 alle-

114 300 250 353 gorice
278 300 317 338 in
346 311 509 352 puerum
539 296 663 339 Asinii
682 298 877 344 Pollionis,
908 301 950 336 ut
968 296 1104 338 Asinio
1134 299 1358 352 placuisset,
1390 298 1453 349 qui
1482 299 1782 350 transpadanam
1812 302 2263 361 provinciamregehat·

114 355 229 394 tertio
249 354 433 407 Virgilius
462 353 717 394 Octavianum
746 352 957 403 superbum
987 356 1026 391 et
1054 353 1263 406 allegorice
1291 353 1482 401 adolatur,
1503 354 1543 400 ²)
1574 358 1617 392 ut
1646 353 1693 393 ab
1724 367 1772 394 eo
1800 355 2018 398 honoratus
2047 340 2264 402 fuisset—²

113 406 340 448 Alexander
367 407 440 448 fuit
469 407 761 449 servus'Asinii
789 405 971 446 Pollionis
981 419 992 455 ;
1022 407 1127 448 hunc
1154 408 1359 461 Virgilius,
1390 411 1554 459 rogatus
1585 406 1633 446 ad
1659 409 1883 460 prandium,
1916 425 2004 453 cum
2033 414 2196 456 vidisset
2223 419 2264 458 in

82 507 91 508 ἶ
113 462 327 503 ministerio
358 464 531 504 omnium
559 462 874 516 pulcherrimum,
905 460 1039 502 dilexit
1068 474 1236 514 eumque
1255 465 1295 511 ³)
1326 462 1430 502 dono
1461 462 1621 513 accepit..
1677 462 1772 502 Nam
1802 465 1984 520 Virgilius
2015 468 2155 511 dicitur
2183 477 2263 512 tres

113 528 260 569 pueros
285 517 472 557 habuisse
499 519 539 557 in
566 517 633 556 tali
662 527 811 570 amore..
868 515 1075 556 Caesarem
1095 518 1264 568 quidam,
1294 521 1338 556 ut
1358 517 1449 565 dixi,
1481 514 1698 555 formosum
1729 520 1911 568 operibus
1941 527 1980 562 et
1999 523 2122 576 gloria
2153 527 2264 567 acci-

114 572 247 624 piunt;
277 572 340 612 alii
368 584 533 623 puerum
564 570 765 620 Caesari&
796 583 910 622 quem
941 572 975 611 si
1004 572 1227 620 laudasset,
1250 576 1408 625 gratam
1437 582 1521 610 rem
1553 569 1710 612 Caesari
1740 571 1910 617 fecisset.
1969 577 2108 617 Tribus
2139 581 2265 622 modis

114 626 156 676 in
182 626 259 676 hac
288 627 563 679 eclogaamor
590 625 871 677 persuadetur,
902 627 1026 677 primo
1057 627 1221 676 divitiis,
1253 627 1301 668 ut
1325 625 1460 672 mille
1490 637 1627 665 meae
1657 630 1696 666 et
1722 627 1885 679 reliqua,
1916 632 2093 672 secundo
2123 634 2263 686 forma,

113 692 214 721 non
243 693 342 735 ego
380 680 620 732 Daphnim
658 686 697 721 et
718 681 901 732 reliqua,
942 683 1056 729 tertio
1086 679 1581 732 voce,3ut1im·itabere
1609 680 1738 721 Pana
1768 684 1993 725 canendo
2036 691 2074 727 et
2101 688 2263 741 reliqua.

113 734 222 776 Haec
252 736 389 788 ecloga
414 736 572 786 proprie
599 735 807 775 bucolicon
838 747 1008 775 carmen.

225 790 313 841 sVs.
345 789 396 829 1..
440 787 597 841 Rastor
632 787 829 842 Corydon
858 788 1038 830 Aleoez'm.
1097 791 1233 835 Pastor
1250 789 1510 831 introducitur
1530 801 1665 830 amans
1685 803 1863 843 puerum.
1918 793 1992 834 Per
2017 794 2264 848 Corydonem

113 843 178 884 hic
212 844 421 897 Virgilius,
467 857 536 896 per
573 844 728 884 Alexim
765 844 990 885 Alexander
1027 858 1126 898 puer
1162 846 1424 899 intellegitur,
1470 856 1586 895 quem
1628 846 1664 884 ei
1691 842 2000 889 Asinius'Pollio
2038 850 2264 893 donaverat.

120 896 331 951 Corydon,
362 899 411 939 de
440 900 599 939 nomine
628 900 724 948 avis,
756 912 856 951 quae
877 900 1085 952 corydalus
1107 901 1258 950 dicitur,
1288 899 1514 940 nominavit.
1574 898 1790 951 Carydalus
1806 904 1845 949 4)
1867 904 1949 942 avis
1971 903 2086 945 dulce
2106 918 2264 948 canens.

114 950 325 998 Ardebat,
357 955 609 1006 ,impatienter
648 954 851 1007 diligebat,
881 955 1085 1005 laudabat,
1119 955 1300 996 ardenter
1329 955 1493 996 amabat.
1551 952 1728 999 Alexin,
1765 968 1930 1007 puerum
1958 960 2045 1000 sine
2071 972 2264 1013 responso

113 1021 162 1049 ac
188 1008 412 1060 superbum.
448 1057 453 1061 ι
483 1009 595 1049 Hunc
633 1013 762 1049 autem
793 1009 944 1061 dilexit,
987 1022 1065 1062 quo
1096 1015 1134 1050 et
1163 1011 1283 1056 Pollio
1321 1023 1392 1062 pro
1431 1009 1583 1049 formae
1619 1009 1764 1050 decore
1793 1010 2081 1065 delectabatur,
2121 1018 2187 1068 qui
2217 1029 2264 1059 eo

114 1067 293 1116 tempore
324 1063 624 1116 transpadanam
645 1064 685 1112 ⁵]
714 1069 867 1116 partem
893 1063 1026 1103 Italiae
1044 1065 1211 1102 tenebat
1237 1065 1412 1115 etiagris
1441 1068 1623 1113 praeerat
1653 1064 1884 1104 dividendis.

184 1156 221 1171 ...=
250 1118 316 1168 Vs.
347 1112 384 1159 2.
414 1153 420 1163 ,.
442 1116 634 1169 Delicias
664 1116 843 1167 domini,
883 1116 922 1156 id
952 1121 1013 1156 est
1043 1116 1188 1156 domini
1215 1116 1422 1165 PollioniS,
1464 1127 1580 1166 quem
1617 1116 1681 1156 ille
1719 1117 1825 1169 prius
1846 1122 1885 1166 ⁶)
1920 1119 2107 1163 dilexerat
2117 1136 2128 1172 3
2167 1137 2267 1177 puer

115 1172 217 1211 enim
247 1170 410 1211 dilectus
450 1172 484 1210 ei
515 1171 599 1209 eius
636 1170 797 1210 deliciae
826 1170 1019 1210 dicuntur.
1088 1171 1313 1224 Allegorice
1347 1175 1505 1222 putatur
1532 1170 1715 1224 Virgilius
1754 1171 1803 1211 de
1841 1184 1886 1213 se
1923 1173 2000 1215 hoc
2029 1181 2068 1216 et
2097 1177 2266 1221 Caesare

113 1225 255 1278 dicere.
286 1248 336 1253 -
367 1223 561 1277 Delicias
590 1224 762 1268 domini,
791 1224 910 1264 filium
941 1224 1139 1274 Caesaris3
1169 1225 1437 1272 vel.delicias
1469 1224 1640 1269 domini,
1670 1238 1769 1277 puer
1788 1225 1951 1269 dilectus
1972 1230 2134 1274 deliciae
2162 1234 2264 1276 dici-

114 1284 177 1320 tur
205 1268 352 1329 Asinii,
373 1275 448 1320 'vel
474 1284 611 1332 pastor
640 1278 689 1319 de
717 1291 762 1318 se
791 1279 892 1319 dicit.
922 1302 978 1310 -
1014 1278 1105 1318 Nec
1135 1280 1250 1332 quid.
1308 1280 1389 1320 Nec
1418 1292 1527 1332 spem
1555 1281 1732 1332 potiundi
1753 1283 1790 1329 ⁷)
1820 1281 2008 1336 habebat,
2049 1287 2138 1339 quia
2167 1301 2265 1341 puer

114 1338 205 1376 eu‘m
235 1347 383 1375 exosus
414 1339 486 1375 est.

247 1389 314 1429 Vs.
345 1387 383 1430 3.
447 1387 636 1434 Tantum,
666 1389 960 1442 tantummod03
978 1402 1064 1430 -nec
1092 1390 1194 1430 enim
1224 1401 1313 1430 eum
1342 1389 1539 1443 diligebat,
1569 1388 1676 1440 quod
1705 1402 1786 1432 non
1814 1390 2064 1435 credendum.
2086 1421 2136 1428 —
2175 1397 2264 1437 Um-

118 1442 240 1483 brosa
272 1446 485 1483 cacumina
513 1450 619 1485 caret
648 1446 934 1495 coniunctione.
1056 1487 1058 1491 ,
1428 1482 1429 1485 ,
1477 1447 1495 1493 ζ’
1576 1466 1594 1479 ,-
1626 1488 1629 1490 ,
1730 1478 1733 1491 2
2150 1457 2153 1459 ’

245 1500 314 1554 Vs.
344 1498 382 1539 4.
424 1498 681 1544 -Incomlita,
712 1500 832 1540 verba
859 1500 1112 1551 insanientis,
1135 1501 1411 1552 incomposita,
1442 1499 1719 1549 subitodicta,
1751 1503 1934 1554 agrestia,
1965 1505 2208 1547 insanienlia.

227 1555 314 1610 3V3·
345 1554 382 1594 5.
444 1553 646 1610 lactabat,
677 1556 878 1609 incassum
907 1554 1106 1608 fundebat.
1141 1578 1189 1584 —
1218 1553 1356 1605 finani,
1383 1555 1528 1605 inepto.
1549 1556 1586 1601 ⁸)
1646 1553 1789 1600 Inani,
1819 1556 1913 1602 nihil
1941 1559 2015 1600 sibi
2047 1572 2266 1614 procurans

117 1609 485 1655 contraabsentem
514 1608 759 1659 loquebatur.
807 1653 810 1656 ¹
966 1647 970 1657 ἦ
1010 1642 1013 1645 .
1037 1628 1063 1649 -,
1141 1656 1143 1659 ¹
1246 1654 1247 1657 Ἰ
1323 1646 1327 1655 ,
1372 1653 1379 1657 .
1485 1648 1488 1653 ,
1562 1644 1566 1654 .-
1678 1623 1683 1627 ·
1870 1621 1895 1656 ι,

128 1659 147 1707 ‚f
182 1661 199 1713 j.
249 1663 314 1721 Vs.
347 1661 384 1719 6
449 1661 486 1701 0
515 1660 717 1717 crudelis,
739 1660 841 1715 ⁴quia
860 1665 1034 1716 >mortem
1064 1661 1138 1703 sibi
1166 1662 1657 1716 praestabat-Caesaru—
1688 1662 1725 1702 0
1757 1665 1960 1716 candelis,
1999 1667 2263 1724 inexorabilis,

116 1718 183 1771 qui
210 1731 289 1759 non
327 1718 495 1771 flecteris
532 1719 629 1757 meis
668 1717 820 1770 scriptis
858 1722 906 1757 et·
934 1729 1014 1757 non
1053 1717 1123 1758 das
1144 1721 1182 1766 ⁹)
1224 1723 1384 1771 ereptos
1415 1730 1547 1772 agros.
1576 1741 1630 1750 —
1659 1716 1783 1758 Nihil
1818 1732 1905 1759 mea
1935 1724 2117 1762 carmina
2146 1738 2264 1767 curas

115 1774 200 1816 sive
228 1773 278 1814 ad
304 1785 484 1826 puerum,
514 1773 598 1812 sive
626 1772 676 1812 ad
707 1771 916 1812 Caesarem
946 1772 1064 1818 dicit.>

247 1828 314 1869 Vs.
347 1827 384 1868 7.
446 1826 562 1866 Mori
592 1840 662 1871 me,
694 1827 912 1874 secun-dum
941 1832 1217 1881 contemptum.
1360 1861 1363 1863 .

248 1884 315 1924 Vs.
345 1881 384 1924 8.
441 1881 568 1934 Nunc
594 1881 716 1939 ρῇὶῳη
736 1879 919 1937 pecudes
949 1887 994 1922 et.
1017 1888 1159 1924 cetera.
1217 1883 1344 1926 Vocat
1369 1895 1440 1935 per
1466 1883 1550 1923 has.
1569 1882 1727 1924 delicias
1756 1896 1943 1937 puerum,
1974 1889 2038 1930 vel
2066 1893 2195 1932 omnia
2223 1893 2263 1933 in

115 1939 253 1990 requie
288 1950 378 1978 esse
406 1936 679 1993 dicitpraeter
708 1936 783 1992 se,
815 1938 931 1988 quem
961 1949 1071 1987 amor
1099 1936 1352 1990 requiescere
1387 1950 1469 1978 non
1498 1939 1668 1987 sinebat.
1697 1961 1751 1969 α-
1800 1939 1966 1980 Umbras
2003 1949 2045 1983 et
2081 1947 2262 1998 frigora.

119 1993 233 2045 [Non]
262 1991 711 2047 apricaloca'aestate,
730 1993 842 2046 quasi
869 1990 1050 2046 dixisset:
1082 1993 1171 2038 veni
1199 1992 1251 2042 ad
1278 2005 1353 2032 me.
1390 1992 1600 2044 ¹Provocat
1626 2006 1790 2046 puerum
1818 2007 1888 2046 per
1916 1997 1994 2041 has,
2018 1999 2189 2042 delicias.

246 2044 315 2088 Vs.
344 2045 381 2088 9.
449 2044 625 2090 Vir-ides,
656 2047 746 2097 quia
774 2047 813 2085 in
843 2042 1035 2100 viridibus.
1060 2043 1166 2094 liunt.
1200 2070 1244 2081 —.—
1281 2045 1497 2097 Lacertos,
1516 2060 1654 2101 >genus
1683 2050 1887 2100 serpentis.

249 2103 316 2143 Vs,
350 2101 412 2143 10,
463 2099 680 2157 vThestylis
699 2112 853 2157 nomen
882 2105 942 2140 est
969 2104 1201 2155 rusticanae²
1219 2103 1414 2153 mulieris,
1454 2114 1555 2154 quae
1584 2104 1825 2145 messoribus
1855 2111 1966 2146 aestu
1994 2107 2166 2162 fatigatis
2196 2111 2261 2152 di-

117 2156 232 2199 Versa
262 2170 410 2212 genera
436 2155 646 2210 herbarum
676 2155 921 2199 contundens
951 2156 1251 2210 pulmentarium
1269 2157 1449 2197 faciebat.
1466 2182 1516 2187 —
1544 2155 1763 2212 Thestylis,
1793 2161 2010 2203 concubina
2030 2162 2262 2218 Corydonis,

119 2225 220 2266 quae
248 2226 338 2254 cum
366 2211 476 2253 testis
498 2210 762 2259 ministrabat.
811 2209 1010 2261 Rapido,
1041 2211 1218 2252 ferventi.
1277 2211 1427 2261 Fessis,
1459 2212 1600 2253 ardore
1630 2215 1724 2254 solis
1744 2213 1996 2256 vehementer
2023 2217 2208 2272 fatigatis.

251 2269 318 2308 Vs.
352 2266 416 2308 11.
474 2264 605 2310 Allia,
636 2265 736 2306 olus.
798 2264 1047 2319 serpyllum,
1077 2266 1200 2307 herba
1228 2267 1290 2307 vel
1319 2279 1450 2319 cepae.
1483 2290 1534 2295 —-
1564 2266 1681 2307 Allia
1709 2268 2013 2322 serpyllumque
2040 2277 2079 2312 et
2099 2275 2261 2327 reliqua,

119 2323 232 2376 quasi
259 2323 428 2374 diceret,
467 2333 559 2376 non,
577 2321 774 2378 debueras
797 2320 897 2374 haec
926 2326 1005 2362 tam
1034 2321 1137 2377 bona
1166 2322 1422 2375 pulmentaria
1451 2321 1634 2364 deserere
1663 2324 1724 2364 vel
1751 2335 1939 2376 respuere
2000 2324 2191 2377 Oleum,
2222 2331 2262 2371 in

118 2377 491 2424 bonisodoribuss
564 2414 578 2420 ,,
723 2404 750 2429 2,
1508 2393 1510 2395 ·
1562 2394 1565 2395 ⁷

250 2433 318 2473 Vs.
350 2431 417 2474 12.
473 2428 546 2482 At„
575 2431 742 2481 verum„
798 2431 802 2434 ’

239 2485 322 2528 vs.
355 2485 418 2529 13.
481 2481 585 2525 Sole¹
611 2483 684 2525 sub
712 2486 903 2550 ardenti,
921 2480 1140 2550 &potestk'et
1169 2484 1218 2526 de
1247 2497 1381 2527 amore
1411 2485 1508 2538 capi.
1545 2507 1600 2514 —
1654 2483 1835 2533 Ciccdis.
1903 2474 2261 2545 cicadae'vermes,

124 2542 189 2596 qui
218 2543 400 2584 cuculum
425 2541 466 2582 fu
500 2546 566 2583 ant
596 2541 790 2599 canta-ndo„
815 2554 853 2585 in
882 2543 1018 2596 lignis3
1058 2541 1492 2596 similitervistoscervi
1518 2541 1728 2593 expellunt.
1753 2575 1756 2585 2
1818 2558 1821 2563 ·
2033 2586 2035 2588 ¹
2082 2584 2085 2587 ,

253 2597 321 2637 Vs.
353 2594 427 2641 14,'
514 2597 636 2635 ristes
666 2595 761 2642 iras,
792 2597 881 2650 quia
912 2598 1060 2637 tristem
1089 2609 1152 2636 me
1175 2595 1332 2636 faciunt.
1365 2619 1415 2624 -
1444 2593 1717 2648 Amaryllidis
1747 2596 1845 2642 iras,
1876 2598 2088 2652 allegorice
2108 2599 2263 2642 Romu..

121 2653 204 2694 leas
231 2652 310 2692 iras
341 2651 582 2705 significavit.
612 2673 667 2680 —
693 2652 769 2692 Alii
796 2651 1059 2704 Amaryllidos
1091 2650 1261 2700 Graece,
1291 2649 1541 2702 Amaryllidis
1570 2650 1717 2690 Latine.
1748 2673 1799 2680 -—
1829 2649 1981 2690 Nonne
2005 2654 2093 2704 fuit
2120 2657 2263 2700 satius,

121 2707 454 2810 {geffigflgel‘ius
491 2705 586 2747 mihi
620 2705 749 2749 fuerat
784 2706 1070 2760 Amaryllidos,
1109 2707 1258 2747 amicae
1295 2718 1427 2757 meae,
1463 2705 1541 2745 iras
1575 2705 1750 2758 perferre
1785 2711 1824 2747 et
1857 2708 2028 2760 superbe
2056 2722 2119 2751 me
2145 2710 2262 2753 fasti-

142 2952 145 2957 ,
211 2944 215 2951 .
256 2919 456 2962 2).Codex:
489 2918 678 2954 adolani.
698 2935 700 2939 ·
719 2917 761 2958 ,3)
791 2916 903 2955 Codex
932 2917 1048 2954 habet:
1072 2915 1550 2958 feuquonmaccepit..
1578 2914 1613 2956 4)
1638 2913 1769 2948 Codex:
1794 2916 2033 2959 corydalis.
2080 2919 2115 2961 5)
2141 2919 2254 2956 codex

126 2966 430 3010 transpadani.
476 2965 511 3006 6)
537 2963 801 3006 (ἷοάεκερὶιισ.
849 2963 885 3005 7)
909 2962 1276 3006 Codexzpotiandi.
1323 2962 1362 3004 8]
1383 2960 1515 2995 Codex:
1538 2961 1704 3004 inopte.
1761 2961 1854 3003 s)1n
1878 2961 1972 2996 cod.:
1998 2968 2039 2996 et
2061 2966 2261 3008 prondas.

128 3012 178 3054 10)
203 3012 315 3048 Codex
336 3011 451 3049 habet:
485 3009 840 3057 fastidientem.¹¹
905 3028 941 3049 ‚·
992 3034 1008 3042 ..
1164 3037 1169 3042 .
1201 3028 1203 3031 -
1263 3016 1265 3018 ·
1327 3023 1364 3039 -:
1411 3027 1414 3032 -
1466 3010 1469 3038 j
1677 3031 1680 3036 .
1822 3050 1848 3094 2
