2430 3177
1020 221 1284 238 Μ

75 286 287 341 prehendi,
327 285 391 327 vel
419 285 551 327 verius
580 285 727 335 cecini,
764 288 808 325 ut
837 283 938 324 infra
967 295 1126 332 canam,
1167 285 1207 322 et
1241 282 1332 333 quia
1362 282 1401 323 in
1429 281 1555 336 primo
1583 280 1682 322 libro
1712 279 1809 321 dixit
1838 279 1887 320 (16
1915 279 2155 331 temporibus
2186 283 2224 319 et

74 344 189 382 terris
220 347 259 382 et
287 341 336 382 de
365 341 681 394 tempestatibus,
712 339 803 380 ideo
833 339 926 379 dicit
955 338 1166 377 kactenus.
1233 337 1365 384 Quare
1395 349 1484 377 cum
1515 337 1564 377 de
1593 336 1736 377 vitibus
1757 339 1795 384 ⁵)
1827 335 1959 375 debuit
1987 334 2117 374 dicere
2146 334 2222 385 [de]

74 397 281 437 arboribus
312 397 528 448 coepit⁶)‘?
594 395 692 444 Quia
730 395 769 433 in
798 393 907 433 Italia
942 394 984 433 in
1019 391 1224 433 arboribus
1264 391 1435 444 pendent
1469 393 1630 441 vineae,
1667 391 1706 431 id
1736 395 1796 431 est
1832 391 1870 430 in
1902 388 2036 439 ulmis,
2078 393 2116 428 et
2144 401 2223 429 non

73 455 241 504 possunt
269 452 367 492 vites
398 462 503 502 esse,
532 451 608 491 nisi
635 451 743 502 prius
773 448 918 489 fuerint
946 448 1131 498 arboreS,
1173 446 1235 486 vel
1264 459 1474 491 arvorum,
1505 446 1595 499 quia
1627 445 1676 486 de
1704 446 1808 486 arvis
1839 445 1949 496 dicit,
1981 444 2050 485 sed
2082 442 2105 482 b
2134 443 2222 485 loco

76 518 99 544 v
155 507 296 546 onitur.

128 519 151 558 p
209 561 275 600 Vs.
293 559 344 614 2.
402 559 619 604 Bacchus,
651 558 762 609 deus,
792 557 1002 607 Bacchum,
1033 557 1179 596 vinum.
1236 554 1362 594 Nuuc
1390 561 1430 596 te
1460 555 1656 599 Bacche,
1685 567 1848 596 uvarum
1876 554 2120 595 inventorem
2151 565 2220 605 pro

73 615 161 657 uvis
190 616 332 668 posuit,
364 627 479 666 quem
509 619 664 654 veteres
692 614 873 655 Liberum
902 617 1052 665 patrem
1086 611 1288 660 dixerunt,
1319 623 1409 652 nam
1439 612 1529 651 licet
1560 611 1609 650 de
1638 610 1722 649 aliis
1753 609 1979 658 arboribus,
2011 609 2223 662 praecipue

34 678 37 680 ’
76 669 126 710 (16
154 670 295 710 vitibus
326 669 429 709 dicit.
487 669 722 720 Notandum,
753 667 860 720 quod
888 668 952 708 hic
973 666 1156 719 Virgilius
1188 667 1361 706 omnium
1390 666 1562 706 ferarum
1593 665 1776 705 arborum
1807 670 1845 704 et
1864 664 2120 717 virgultorum
2149 663 2220 703 Li-

75 724 212 765 berum
233 728 269 772 ⁷)
300 723 516 776 praesidem
548 724 652 764 dicit.
2072 722 2076 725 ‘
2256 716 2257 719 ’

210 780 276 819 Vs.
306 777 344 819 3.
413 778 607 830 Viryztlta
635 790 706 831 pro
733 777 952 818 infelicibus
984 776 1189 816 arboribus
1218 776 1348 828 ponit,
1388 775 1529 826 quibus
1568 777 1605 814 in
1634 774 1740 814 Italia
1781 774 1878 814 vites
1909 772 2113 812 arboribus
2145 784 2220 813 co-

7 888 12 892 .
75 833 251 880 haerent.
281 856 335 861 —
371 831 548 877 Tardae,
578 845 643 873 res
674 834 774 873 enim
806 833 871 874 diu
899 832 1086 872 duratura
1114 831 1264 871 tardius
1298 832 1452 871 crescit.
1518 828 1676 873 olivae,
1706 830 1806 870 oliva
1838 829 1968 869 arbor.

208 889 275 928 Vs.
304 887 344 928 4.
380 886 546 932 Pater,
578 888 692 928 Liber
720 893 841 940 pater,
872 891 981 940 pater
1007 886 1097 926 licet
1124 886 1310 939 generale
1338 886 1400 935 sit,
1432 886 1522 937 quia
1552 885 1725 924 omnium
1755 884 1931 932 deorum,
1963 887 2091 922 tamen
2120 894 2221 936 pro-

74 943 158 996 prie
185 943 337 984 Libero.
401 941 629 981 O⁴Lem1ee
655 948 792 994 pater,
823 942 1000 983 Lenaeus
1029 941 1142 979 Liber
1170 945 1281 993 pater
1311 940 1449 988 dictuS‚
1482 939 1586 991 quod
1615 940 1745 988 leniat,
1779 944 1820 978 ut
1848 939 1929 992 igni
1956 950 2060 978 novo
2090 938 2221 977 abun-

77 998 246 1039 dantiam
277 999 413 1050 pascit.
445 1022 496 1026 —
530 997 567 1036 0
597 996 758 1036 Lenaee
789 995 882 1037 οἷπό
911 994 992 1035 τοῦ
1016 993 1200 1048 ληνοῦδ)
1233 995 1271 1035 id
1301 1000 1361 1035 est
1389 1009 1410 1036 a
1439 995 1578 1034 laeona
1609 994 1761 1045 dicitur,
1793 995 1860 1046 qffi
1889 998 2005 1034 natus
2038 998 2098 1033 est
2127 992 2224 1032 dixit

24 1100 25 1103 Ἴ
76 1053 125 1093 ab
155 1065 202 1093 eo
233 1053 338 1105 quod
370 1058 538 1093 mentem
569 1053 738 1093 deleniat
765 1053 960 1104 propriam
991 1050 1130 1090 Libero
1159 1051 1281 1103 patri3
1311 1062 1391 1091 non
1412 1049 1686 1104 praeceditss),
1717 1061 1792 1089 nec
1822 1049 1924 1089 enirn
1953 1052 2083 1100 potest
2111 1047 2221 1087 Lati-

75 1111 167 1147 nam
197 1109 476 1160 etymologiam
499 1111 552 1155 ¹⁰)
586 1107 777 1147 Graecum
807 1117 952 1146 nomen
979 1105 1166 1157 recipere.
1746 1130 1764 1145 0

210 1162 344 1214 Vs.-5.
403 1161 649 1214 Pampiueo,
680 1167 724 1202 ut
751 1173 891 1202 nemus
919 1159 1141 1211 frondeum,
1170 1157 1417 1200 frondosum.
1485 1158 1708 1202 Autumno,
1739 1163 1968 1199 autumnum
1998 1169 2068 1210 pro
2099 1161 2221 1198 autu-

76 1218 156 1258 mni
185 1223 360 1271 tempore
387 1219 528 1270 posuit.

207 1273 275 1312 Vs.
308 1270 345 1313 6.
404 1271 567 1317 Lam-is,
597 1272 733 1312 doleis.

209 1327 275 1367 Vs.
306 1326 344 1368 7.
408 1327 445 1366 0
476 1326 661 1374 Lenaee,
696 1325 888 1377 iucunde,
924 1324 1036 1365 lenis.
1066 1347 1121 1354 --
1151 1323 1318 1368 Musto,
1359 1328 1532 1364 mustum
1561 1336 1727 1365 numero
1756 1322 1946 1376 singulari
1974 1326 2147 1372 tantum,
2178 1325 2223 1361 ut

78 1382 224 1432 vinum,
256 1383 346 1423 licet
375 1383 536 1424 Ovidius
567 1387 694 1423 musta
725 1382 833 1422 dixit.
1084 1378 1089 1382 ’

210 1438 275 1477 Vs.
307 1436 345 1479 8.
411 1437 572 1489 Tiuyue
601 1451 708 1476 uoco
739 1448 913 1484 mecum,
948 1435 1097 1489 tragica
1128 1434 1320 1488 gravitate
1346 1433 1524 1486 deposita
1548 1434 1638 1474 fave
1666 1446 1812 1476 novum
1843 1444 1942 1486 opus
1973 1436 2130 1486 agreste
2149 1434 2219 1480 11).

77 1490 293 1545 Dei-epus,
323 1494 502 1534 celeriter
531 1492 750 1532 abstractis.

211 1549 276 1588 Vs.
309 1546 346 1588 9.
405 1547 631 1598 Principio
663 1545 878 1585 arboribus
910 1550 948 1585 et
975 1545 1136 1597 reliqua.
1195 1544 1284 1584 Tria
1314 1556 1460 1598 genera
1490 1544 1674 1584 arborum
1706 1543 1992 1584 nascendarum
2023 1546 2125 1592 sunt,
2157 1545 2224 1580 aut

77 1614 150 1643 sua
178 1608 319 1656 sponte
346 1608 583 1653 nascuntur,
615 1607 682 1642 aut
711 1615 760 1641 ex
788 1601 1001 1641 seminibus
1032 1601 1194 1641 fortuito
1222 1600 1439 1641 iacentibus
1469 1605 1656 1653 surgunt,
1688 1604 1755 1640 aut
1785 1611 1835 1638 ex
1862 1598 2059 1639 radicibus
2087 1596 2222 1650 pullu-

75 1658 169 1710 lant,
199 1670 287 1698 nam
320 1664 452 1699 cetera
482 1669 578 1697 usus
607 1658 753 1697 invenit
780 1656 938 1697 favente
965 1661 1117 1696 natura.

209 1714 276 1753 Vs.
312 1711 374 1754 10.
439 1711 707 1765 (Γοῃθηίίὂαε,
737 1711 1016 1752 laborantibus.

209 1769 277 1808 Vs.
310 1768 373 1809 11.
433 1767 610 1819 Sponte,
640 1766 758 1808 modo
781 1768 830 1813 12)
859 1766 976 1806 habet
1002 1776 1142 1819 genus,
1174 1776 1252 1817 quo
1283 1768 1392 1804 caret
1421 1763 1659 1806 adverbium.
1729 1762 1920 1809 Veniunt,
1952 1765 2146 1802 creseunt.
2167 1784 2222 1789 ——

82 1822 246 1875 Sponte
275 1836 349 1862 sua
379 1824 560 1868 veniunt,
589 1824 744 1875 proprie
772 1821 868 1862 dixit
897 1821 946 1861 de
973 1821 1048 1871 his,
1080 1832 1182 1872 quae
1211 1824 1351 1873 sponte
1371 1831 1441 1860 sua
1471 1823 1720 1872 generantur.
1767 1816 1943 1868 Campos
1974 1822 2014 1855 et
2039 1816 2222 1868 flumina,

79 1878 253 1920 ostendit
273 1881 324 1927 ¹³)
353 1879 461 1929 loca,
499 1879 538 1918 in
569 1879 710 1929 quibus
740 1881 882 1929 sponte
910 1880 1149 1926 nascuntur,
1179 1875 1220 1915 id
1249 1879 1310 1915 est
1338 1874 1519 1924 humida,
1553 1885 1643 1912 nam
1672 1878 1796 1913 mater
1825 1873 1996 1913 omnium
2025 1883 2157 1912 rerum
2187 1875 2226 1911 et

78 1935 246 1974 creatrix
272 1936 464 1974 seminum
495 1945 595 1984 aqua
623 1937 696 1972 est.
728 1941 782 1961 ‘—

213 1989 278 2028 Vs.
314 1987 377 2029 12.
442 1986 588 2034 Curva,
619 1987 816 2039 epitheton
844 1989 1088 2038 perpetuum,
1118 1996 1209 2023 nam
1240 1985 1367 2027 omnia
1398 1983 1556 2023 flumina
1588 1986 1759 2023 curvata.
1819 1979 1990 2023 Lentae,
2021 1980 2224 2021 flexibiles.

16 2040 19 2042 ’
77 2065 132 2072 -
161 2042 297 2082 Molle
325 2043 436 2092 siler,
467 2042 679 2083 notandum
708 2046 889 2081 neutrum
920 2051 1045 2093 genus
1074 2041 1113 2079 in
1144 2039 1360 2088 arboribus,
1393 2037 1497 2089 quod
1527 2037 1736 2077 admodum
1766 2049 1897 2076 rarum
1927 2040 1998 2075 est.

211 2099 274 2138 Vs.
309 2096 371 2139 13.
434 2096 617 2141 Glauca,
649 2098 812 2151 glaucus
842 2096 953 2136 color
982 2100 1042 2134 est
1069 2094 1342 2147 ferrugineus,
1374 2094 1465 2144 quia
1495 2093 1693 2145 subniger.
1759 2089 1975 2133 canentia,
2007 2102 2078 2142 pro
2109 2088 2220 2139 cana,

79 2153 321 2207 participium
349 2166 420 2206 pro
450 2153 608 2193 nomine
635 2152 788 2205 posuit,
833 2150 939 2203 quod
976 2150 1219 2202 participium
1256 2160 1277 2188 a
1309 2148 1429 2189 verbo
1460 2160 1563 2185 cauo
1595 2148 1711 2189 venit.
1741 2169 1795 2174 -—
1838 2144 2000 2184 Glauca
2030 2146 2224 2183 cernentia

82 2212 121 2248 et
147 2208 311 2260 reliqua.
370 2209 516 2248 Locum
548 2208 710 2247 salicum
741 2218 810 2259 pro
840 2207 933 2259 ipsis
965 2205 1171 2246 arboribus
1204 2205 1333 2255 posuit
1344 2217 1354 2251 3
1384 2203 1485 2242 bene
1515 2207 1643 2242 autem
1675 2202 1813 2255 glauca
1845 2206 1883 2241 et
1913 2200 2104 2250 canentia,
2134 2212 2224 2241 nam

34 2295 46 2307 .
81 2263 181 2303 salix
210 2275 287 2304 una
318 2268 428 2316 parte
456 2263 542 2304 alba
575 2267 648 2311 est,
677 2263 724 2302 ab
755 2262 875 2301 altera
905 2260 1050 2300 viridis.
1108 2259 1210 2300 Sane
1237 2258 1517 2312 κακέμφατον
1546 2256 1700 2309 yluucu
1729 2256 1933 2295 canentia.

215 2319 282 2358 Vs.
315 2317 378 2358 14.
437 2316 543 2356 Pars
575 2322 706 2356 autem
732 2317 892 2368 posito,
920 2326 1154 2367 quacunque
1173 2316 1228 2362 ¹⁴)
1258 2315 1411 2354 ratione
1439 2315 1613 2366 proiecto
1643 2312 1705 2351 vel
1731 2311 1777 2351 ab
1806 2310 1963 2360 avibus,
1994 2309 2058 2349 vel
2086 2309 2221 2350 homi-

83 2372 210 2412 nibus.
241 2396 292 2402 —
322 2371 431 2411 Pars
463 2377 652 2424 sur-yztnt,
685 2377 727 2411 ut
755 2383 845 2425 pars
875 2373 913 2411 in
943 2371 1069 2410 frusta
1091 2373 1146 2417 ¹⁵)
1177 2373 1326 2418 secant,
1357 2368 1628 2408 soloecismus.

204 2429 282 2477 ΝΞ.
315 2427 378 2469 15.
436 2427 736 2479 Nemorumque
766 2425 858 2465 Iovi
887 2430 926 2466 et
953 2425 1116 2476 reliqua.
1174 2423 1282 2463 Ordo
1312 2428 1372 2463 est
1400 2435 1604 2463 nemorum
1636 2420 1815 2470 maxima,
1846 2419 1922 2460 hoc
1951 2423 2012 2458 est
2040 2420 2223 2459 aesculus

81 2482 143 2576 ἴε]
172 2482 253 2524 10νί
281 2489 514 2525 consecrata
543 2493 735 2535 quercuS,
780 2486 818 2522 et
844 2481 934 2521 ideo
963 2481 1154 2531 maxima,
1196 2478 1301 2531 quod
1332 2479 1475 2519 virtute
1514 2478 1606 2517 nulli
1638 2476 1767 2516 arbori
1798 2475 1899 2515 cedit
1937 2478 1978 2514 ut
2014 2474 2108 2514 nulli
2148 2474 2222 2514 deo

100 2549 148 2589 up
177 2538 262 2578 iter.

151 2551 174 2590 p
214 2594 281 2632 Vs.
313 2591 376 2634 16.
434 2591 648 2638 Aesculus,
678 2590 874 2632 aescendo
895 2594 950 2639 1(ὃ)
982 2589 1095 2629 dicta.
1154 2586 1352 2627 Aesculus
1385 2591 1421 2626 et
1451 2585 1611 2637 reliqua.
1655 2585 1695 2624 In
1717 2584 1821 2637 Epiri
1840 2585 2004 2638 regione
2023 2585 2061 2623 in
2082 2584 2223 2634 templo

84 2646 186 2687 lovis
216 2659 384 2699 quercus
414 2653 536 2695 erant,
568 2661 618 2688 ex
645 2647 786 2700 quibus
816 2645 1020 2686 columbae
1049 2645 1179 2684 futura
1203 2647 1256 2692 1“’)
1289 2641 1508 2684 hominibus
1539 2640 1825 2693 praedicabant.
1844 2662 1894 2668 —
1927 2637 2100 2681 Habitu,
2130 2651 2224 2678 cre-

85 2701 177 2752 dita,
211 2703 442 2744 existimata.
503 2701 640 2753 Grais,
669 2703 708 2742 id
738 2706 799 2742 est
827 2701 1000 2751 Graecis,
1032 2699 1143 2752 quasi
1172 2698 1292 2739 Italus
1321 2698 1424 2737 dicit.
1650 2707 1655 2710 ·

221 2862 256 2903 5)
282 2860 472 2901 divitib3.
528 2860 738 2902 6)(116616
761 2858 996 2893 arboribus
1022 2855 1239 2898 coeperit.
1286 2853 1515 2895 7)111)1·11111.
1562 2852 1596 2894 8)
1621 2851 1655 2884 111
1682 2849 1902 2884 60(1.;ΑΠΟ
1931 2848 2224 2882 ΘΗΣΑΡῙΝΟΣ.

84 2907 119 2949 9)
143 2906 232 2940 Haec
255 2908 362 2940 omnia
385 2907 460 2940 inde
484 2917 502 2939 a
528 2917 581 2939 vv.
608 2906 649 2939 id
675 2911 740 2939 est
765 2916 783 2938 a
809 2905 963 2938 lacona
990 2905 1154 2935 immutata
1179 2900 1302 2943 reliqui.
1351 2899 1422 2932 Alia
1447 2901 1555 2931 inesse
1570 2898 1728 2936 videntur,
1753 2903 1848 2940 atque
1872 2906 1921 2937 ea,
1946 2905 2030 2938 quae
2055 2896 2085 2926 in
2112 2895 2223 2927 Servio

87 2953 249 2997 leguntur.
300 2953 349 2993 10)
379 2957 528 2995 potest
551 2953 595 2984 in
618 2951 801 2984 latinam
826 2949 1169 2991 ethimologiam.
1230 2945 1278 2987 11)
1304 2944 1409 2978 Cod.:
1435 2949 1655 2988 agrestae.
1704 2942 1836 2975 Nototur
1865 2942 2066 2973 accusativus
2095 2951 2167 2972 cum
2193 2951 2221 2972 v.

87 2998 238 3032 favere
261 3000 465 3031 coniunctus.
511 2998 560 3039 12)
585 2997 785 3031 nondum:
831 2996 880 3038 13)
907 2993 1148 3029 hostendit.
1199 2991 1248 3032 14)
1274 2991 1400 3034 quasi
1424 3000 1530 3023 cum.
1586 2990 1635 3030 15)
1664 2988 1844 3022 frustra.
1897 2987 1944 3029 16)
1971 2985 2119 3019 voluitne
2143 2987 2224 3018 scri·-

88 3043 184 3078 bere:
210 3043 430 3078 escando?
477 3043 528 3086 17)
551 3043 712 3077 futuro.
1412 3050 1419 3054 “

900 3091 1422 3107 μ

1901 3141 1928 3177 6
