2430 3177
1134 115 1202 181 ¹41

98 240 322 290 huiusmodi
352 251 433 289 est:
471 247 575 289 Dicit
610 258 655 287 se
683 245 865 301 Virgilius
903 246 1081 287 omnihus
1119 248 1232 288 honis
1263 245 1512 295 habundare,
1554 248 1593 284 at
1630 244 1664 284 si
1692 244 1839 287 'Caesar
1875 248 1922 287 ab
1952 248 2016 289 illo
2044 254 2252 299 avertatur,

99 303 230 344 omnia
257 303 297 343 in
328 304 564 344 contrarium
593 303 702 354 verti,
732 302 795 342 vel
823 300 1006 355 Corydon
1035 301 1112 344 hoc
1141 303 1233 345 dicit
1261 302 1313 344 'de
1343 313 1417 342 suo
1448 301 1588 342 dilecto
1617 300 1743 342 Alexi.
1802 303 2018 350 Hirsutae,
2049 307 2257 358 capillosae

98 357 161 399 vel
189 358 386 412 spinosae.
408 360 464 408 ³⁹)
696 390 699 393 .
2142 370 2146 374 ’

231 412 297 453 Vs.
328 412 393 454 54.
455 413 602 453 Strata
631 414 781 458 iacent,
812 424 892 453 non
921 418 1052 465 vento,
1083 414 1154 455 sed
1184 414 1419 455 maturitate.

231 467 297 508 Vs.
329 467 394 508 55.
461 468 609 507 Omnia
636 480 745 506 nunc
773 467 926 512 rident,
956 469 1079 510 hilara
1108 475 1146 510 ct
1176 470 1319 511 festiva
1348 472 1451 510 sunt.
1484 491 1532 498 —-
1566 468 1730 525 Alea-is,
1759 485 1856 526 puer
1885 475 2104 526 pastoralis.

233 523 298 564 Vs.
331 521 398 564 56.
457 523 602 567 Abeat,
636 523 822 564 discedat.
859 546 909 552 —-
938 523 1132 563 Flumina
1160 526 1300 570 sicca„
1318 537 1421 576 aqua
1449 524 1618 566 viduata.

204 626 212 632 ..
232 578 298 618 Vs.
330 577 396 618 57.
455 579 557 617 Aret
587 591 687 631 ayer
716 583 754 618 et
783 583 924 623 cetera.
990 580 1120 621 Side
1148 586 1307 633 pastore
1345 580 1507 633 accipit,
1545 592 1686 621 sensus
1727 586 1806 622 est:
1847 586 1977 625 omnia
2013 597 2117 625 nunc
2146 585 2252 628 sicca

97 636 210 684 sunt,
253 632 325 673 sed
354 634 524 681 adventu
552 636 702 674 amicae
730 628 914 686 Phyllidis
943 636 1180 676 reviviscent
1190 649 1201 685 3
1241 636 1298 676 sin
1331 634 1526 675 Cornificii
1563 647 1644 676 vox
1673 641 1755 687 est,
1793 638 1869 678 hoc
1899 644 1970 690 est,
2002 640 2106 692 quod
2140 641 2253 681 dicit:

97 688 284 729 universa
321 686 426 729 nime
465 693 570 728 metu
599 688 707 729 arida
737 694 848 739 sunt,
889 691 922 729 si
953 703 1046 730 vero
1072 691 1195 730 Roma
1224 691 1336 731 nobis
1367 691 1533 744 propitia
1562 692 1632 742 sit,
1673 693 1801 731 omnia
1832 705 2018 746 prospera
2047 701 2171 736 erunt.
2201 720 2255 726 —

107 741 237 787 Vitio,
267 744 443 784 siccitate
453 757 465 794 3
497 744 600 782 vitio
632 744 751 788 aiiris,
783 744 934 785 caelum
965 746 1142 786 vitiatum
1174 746 1277 786 dicit.
1343 745 1446 784 Aret
1477 759 1588 797 ayer.
1645 746 1758 787 Nunc
1786 747 1961 800 ThyrsiS,
1992 750 2030 791 id
2062 756 2121 791 est
2150 750 2253 791 Cor-

97 796 272 848 nificius,
303 798 352 838 de
379 799 542 839 saevitia
571 801 856 851 persecutionis
887 800 949 839 vel
979 801 1082 840 exilii
1114 801 1186 851 ait,
1218 801 1324 853 quod
1353 814 1425 842 nec
1456 805 1542 851 ae'r,
1575 813 1648 842 nec
1677 806 1782 842 terra
1810 803 1978 845 fructum
2009 805 2085 855 det,
2117 805 2187 845 sed
2218 812 2256 847 et

97 851 194 893 deos
223 854 346 893 iratos
377 854 470 893 dicit
496 866 567 906 pro
597 856 656 896 ira
677 854 869 903 Caesaris,
899 855 990 907 quia
1004 856 1202 896 Mantuani
1231 857 1402 897 cultores
1433 867 1552 911 agros
1583 857 1804 910 amiserant,
1836 871 1936 911 quos
1967 861 2000 900 si
2021 863 2078 910 4⁰)
2112 860 2257 902 Caesar

95 909 320 959 restituerit,
351 908 569 949 rediturum
598 910 653 950 eis
682 910 960 951 fecunditatem
989 913 1053 951 ait.

228 963 296 1004 Vs.
327 963 393 1005 58.
453 963 717 1016 Pampineos,
748 967 894 1006 vitium.
928 989 980 996 —
1013 965 1185 1010 Invidit,
1217 967 1315 1006 vites
1346 972 1461 1007 natae
1488 980 1567 1009 non
1593 973 1696 1008 sunt.

229 1019 296 1058 Vs.
328 1017 392 1059 59.
451 1019 681 1072 Phyllidis.
739 1020 882 1072 Phyllis
914 1020 962 1061 de
988 1022 1215 1062 Mantuanis*
1237 1022 1300 1062 vel
1331 1022 1500 1064 Caesare
1519 1028 1576 1072 41)
1608 1025 1830 1078 allegorice.

229 1074 296 1113 Vs.
329 1072 394 1115 60.
454 1073 663 1127 Iuppiter,
693 1080 774 1126 aer,
803 1077 938 1115 imber.
962 1098 1013 1105 —
1043 1076 1239 1126 luppiter
1269 1082 1310 1115 et
1338 1077 1451 1115 laeta
1481 1079 1699 1117 descendit
1725 1080 1928 1130 plurimus
1958 1081 2090 1126 imbri,
2122 1083 2161 1123 id
2182 1089 2255 1131 θεῖ,

96 1128 275 1180 mixtim)
305 1142 394 1171 cum
423 1130 551 1182 pluvia
579 1130 784 1183 fulgurum
810 1132 923 1181 ignes
954 1131 1104 1172 cadent,
1136 1142 1236 1181 quos
1266 1131 1453 1183 putabant
1482 1133 1676 1172 interdum
1707 1134 1941 1187 significare,
1972 1149 2060 1178 nam
2084 1138 2256 1192 Iuppiter

96 1195 168 1236 pro
198 1184 290 1236 igne
318 1185 421 1223 solet
447 1185 553 1236 poni.

189 1264 198 1271 .-
230 1238 295 1277 Vs.
328 1236 392 1278 61.
450 1237 659 1290 Populus,
689 1249 815 1291 genus
845 1238 1008 1278 arboris.
1066 1236 1258 1290 Alcidae,
1287 1239 1456 1280 Herculi.
1512 1239 1707 1293 Populus
1727 1241 1921 1292 Alcidae,
1951 1247 2040 1298 quia
2070 1248 2258 1289 Hercules

95 1292 241 1346 populo
271 1298 484 1334 coronatus
515 1293 720 1334 descendit
750 1293 799 1332 ad
828 1293 988 1333 inferos.
1019 1317 1069 1323 -—
1101 1292 1268 1337 Iaccho,
1298 1295 1337 1334 id
1358 1301 1418 1335 θεῖ
1445 1295 1614 1347 Baccho,
1646 1298 1785 1339 Libero
1816 1302 1928 1353 patri,
1959 1303 2024 1352 qui
2051 1304 2260 1355 putabatur

95 1349 214 1388 vitem
242 1347 450 1388 invenisse.
510 1347 704 1400 Populus
734 1345 916 1386 Alcidae
944 1353 983 1388 et
1009 1349 1157 1400 reliqua
1185 1360 1312 1401 usque
1341 1349 1485 1388 laurea
1504 1349 1677 1393 Phoebi.
1738 1354 1778 1394 Si
1808 1353 1942 1406 pastor
1970 1357 2152 1409 loquitur,
2184 1360 2260 1399 iste

96 1414 239 1448 sensus
271 1408 352 1444 est:
382 1404 474 1444 licet
503 1404 658 1458 singula
688 1416 869 1455 quaeque
897 1403 979 1444 suis
1006 1404 1274 1444 inventoribus
1307 1417 1396 1445 cara
1425 1408 1524 1457 sint,
1558 1412 1685 1448 tamen
1717 1409 1809 1450 dum
1838 1423 1926 1451 mea
1957 1413 2080 1453 amica
2110 1413 2254 1465 Phyllis

96 1459 255 1511 corylos
287 1459 442 1510 amabit,
475 1461 604 1501 carius
636 1459 783 1511 aliquid
810 1458 884 1498 illis
915 1470 1005 1498 esse
1033 1471 1112 1499 non
1132 1460 1291 1512 poterit3
1323 1461 1356 1500 si
1385 1460 1458 1500 sub
1479 1474 1648 1513 persona
1668 1465 1837 1516 pastoris
1857 1466 2041 1519 Virgilius
2071 1469 2256 1521 loquitur,

97 1525 240 1554 sensus
270 1515 344 1555 iste
375 1520 454 1555 est:
484 1516 575 1556 licet
604 1515 748 1568 singuli
776 1514 909 1567 populi
938 1525 959 1553 a
990 1514 1071 1553 suis
1102 1514 1174 1554 diis
1206 1520 1399 1567 amentur,
1430 1527 1503 1556 nos
1535 1518 1670 1570 coryli,
1701 1519 1740 1559 id
1763 1524 1823 1559 θεῖ
1850 1521 2060 1573 Mantuani,
2093 1538 2114 1564 a
2133 1525 2256 1567 Roma

97 1569 306 1623 diligimur,
327 1572 384 1618 4³]
417 1583 518 1622 quae
548 1570 732 1622 quamdiu
761 1581 836 1610 nos
868 1569 1059 1617 dilexerit,
1091 1569 1231 1620 aliquis
1261 1570 1374 1609 nobis
1404 1571 1592 1622 praeferri
1622 1585 1700 1613 non
1732 1577 1884 1626 poterit,

231 1625 298 1664 Vs.
330 1623 395 1665 62.
455 1624 646 1678 Myrtus,
681 1625 800 1666 arbor
835 1624 978 1664 Veneri
1017 1628 1260 1664 consecrata.
1320 1623 1508 1673 Laurea,
1545 1626 1584 1666 id
1605 1633 1665 1667 est
1692 1629 1826 1670 laurus
1857 1631 1984 1671 arbor.
2043 1631 2253 1680 Phoebus,

94 1679 135 1722 id
167 1685 227 1721 est
250 1678 286 1719 A
315 1680 406 1720 ollo.
1200 1710 1218 1729 Q.

228 1693 311 1775 Vs?
327 1732 395 1775 63.
449 1734 631 1789 Phyllis,
661 1735 701 1776 id
722 1739 783 1775 est
813 1734 959 1775 Caesar
988 1735 1210 1788 allegorice.
1258 1732 1433 1789 Gorgylos
1461 1736 1717 1790 Mantuanos,
1754 1740 1832 1781 hoc
1861 1747 1940 1783 est:
1969 1743 2060 1784 licet
2078 1744 2184 1795 11144)
2204 1746 2256 1786 dii

96 1800 192 1831 suos
222 1790 395 1843 diligant,
424 1802 499 1832 nos
529 1797 659 1831 tamen
691 1790 838 1834 Caesar
866 1791 1001 1844 diligit.
1746 1800 1750 1804 ·

229 1846 296 1885 Vs.
325 1843 389 1886 64.
450 1845 640 1899 Myrtus,
679 1858 781 1898 quae
817 1848 856 1887 in
891 1845 1012 1887 tutela
1046 1845 1209 1885 Veneris
1248 1852 1319 1887 est.
1392 1845 1590 1901 Corylos,
1628 1853 1706 1888 tam
1743 1851 1908 1892 steriles.
1973 1851 2064 1891 Nec
2100 1860 2255 1905 myrtus

96 1901 236 1940 vincet
265 1905 303 1941 et
330 1901 493 1953 reliqua.
549 1901 791 1955 Allegorice:
820 1901 911 1942 licet
938 1901 1030 1942 nihil
1061 1905 1140 1940 tam
1170 1902 1314 1952 sterile,
1345 1914 1462 1953 quam
1486 1916 1582 1956 ager
1598 1903 1913 1958 Mantuanorum,
1942 1907 2099 1949 favente
2127 1915 2257 1951 tamen

97 1955 270 1998 Caesare
307 1955 402 1996 nulli
438 1956 688 1996 fecundiores
723 1957 859 2007 nobis,
899 1957 990 2008 quia
1029 1956 1158 1997 nullus
1193 1957 1391 2010 potentior
1428 1956 1609 2000 Caesare.
1655 1982 1707 1988 —-
1750 1959 1913 2001 Laurea
1951 1962 2134 2013 Phoebi,
2168 1968 2257 2018 quia

95 2012 250 2057 laurum
281 2011 414 2051 dilexit
441 2011 595 2064 Apollo.

232 2067 298 2107 Vs.
330 2064 396 2107 65.
465 2065 677 2104 Fraxinus
716 2066 760 2104 in
795 2065 912 2105 silvis
951 2071 988 2106 et
1016 2067 1177 2118 reliqua.
1233 2066 1368 2108 Refert
1396 2068 1578 2120 arbores,
1617 2082 1718 2122 quae
1747 2076 1839 2111 sunt
1867 2074 2090 2126 speciosae,
2129 2075 2168 2114 id
2198 2081 2258 2116 est

94 2122 218 2164 fortes
248 2126 287 2162 et
313 2122 454 2172 bonae,
475 2125 531 2170 ⁴⁵)
562 2121 633 2162 sed
663 2123 695 2161 si
714 2121 897 2174 Lycidae,
926 2122 951 2161 i.
973 2135 1006 2162 e.
1034 2121 1200 2162 Cornelii
1223 2121 1320 2163 Galli
1347 2124 1566 2175 praesentia
1598 2126 1798 2179 contingat
1827 2128 1914 2178 sibi,
1945 2131 1996 2169 ait
2024 2129 2255 2171 infirmiores

96 2178 196 2218 fore.
217 2200 271 2206 —-
292 2176 503 2216 Fraxinus
533 2177 577 2215 in
606 2176 722 2215 silvis
753 2181 791 2217 et
821 2181 964 2217 cetera.
1021 2177 1107 2217 Vox
1137 2181 1197 2217 est
1224 2179 1392 2230 pastoris
1423 2178 1471 2218 ad
1491 2178 1675 2231 Lycidam
1705 2194 1870 2234 puerum
1896 2183 2079 2226 dicentis:
2110 2198 2255 2237 quam-

97 2233 158 2274 vis
188 2232 345 2286 singula
375 2233 681 2286 congruentibus
711 2232 810 2272 locis
839 2232 1001 2284 pulchra
1032 2233 1120 2282 sint,
1153 2233 1186 2272 si
1216 2245 1291 2282 me,
1322 2232 1480 2285 Lycida,
1511 2235 1744 2286 visitaberis,
1777 2238 1956 2278 omnibus
1987 2244 2029 2280 tu
2057 2240 2257 2292 pulchrior

99 2289 190 2328 eriS.
247 2288 472 2341 Allegorice
502 2288 565 2328 vel
596 2286 825 2328 Cornificius
855 2287 932 2327 hoc
959 2287 1051 2328 dicit
1081 2287 1130 2327 de
1149 2286 1334 2339 Antonio,
1365 2288 1427 2328 vel
1455 2289 1641 2343 Virgilius
1672 2291 1721 2331 de
1742 2290 1924 2344 Caesare,
1953 2294 2036 2334 sive
2069 2295 2119 2335 de
2150 2294 2255 2337 Cor-

96 2343 200 2384 nelio
231 2342 354 2383 Gallo.

231 2398 298 2438 Vs.
329 2396 394 2438 67.
450 2396 631 2450 Lycida,
661 2398 892 2449 concubina,
923 2398 986 2438 vel
1015 2397 1163 2438 amicus
1192 2408 1302 2438 suus.

232 2453 298 2493 Vs.
329 2451 395 2493 68.
459 2452 602 2498 Cedet,
633 2454 745 2495 vilior
775 2454 860 2493 erit.

232 2509 298 2549 Vs.
329 2506 394 2549 69.
454 2507 573 2547 Haec
600 2503 776 2560 memini,
805 2513 922 2560 poeta
952 2507 1055 2548 dicit.
1114 2506 1234 2545 Haec
1262 2507 1436 2551 memini,
1467 2508 1565 2549 haec
1595 2510 1724 2550 omnia
1754 2513 1869 2563 po'eta
1894 2514 2091 2569 Virgilius,
2122 2517 2188 2568 qui
2218 2523 2256 2558 et

101 2562 298 2623 Corydon,
329 2563 420 2603 licet
450 2564 523 2604 sub
553 2564 658 2604 duali
687 2575 869 2618 persona,
902 2563 1014 2615 quasi
1045 2563 1094 2603 de
1125 2563 1199 2603 alio
1229 2573 1411 2606 narrans,r
1439 2565 1553 2603 canit.
1612 2563 1787 2604 Frustra
1817 2571 2080 2623 contendere,
2108 2566 2255 2614 frustra

100 2619 195 2672 petit
224 2619 430 2659 amicitiam
461 2619 653 2660 Caesaris,
712 2618 832 2656 Haec
862 2619 990 2659 omnia
1021 2617 1070 2658 de
1100 2630 1144 2657 se
1175 2617 1267 2657 dicit
1296 2621 1425 2669 poeta,
1457 2619 1633 2669 quamvis
1664 2620 1713 2660 de
1743 2622 1818 2662 alio
1844 2635 2020 2665 narrans.
2053 2650 2106 2656 —-
2136 2626 2256 2666 Haec

101 2673 276 2712 memini.
333 2674 517 2727 Virgilius
546 2674 718 2726 loquitur
747 2674 819 2713 sub
850 2685 1020 2725 persona
1048 2672 1226 2713 Meliboei
1236 2685 1248 2721 3
1279 2672 1423 2712 victum
1454 2673 1635 2726 Thyrsim
1665 2681 1732 2716 aut
1758 2676 1932 2718 Macrum
1961 2685 2118 2733 poetam
2149 2682 2252 2733 dicit,

100 2733 145 2770 ut
171 2728 413 2782 praedictum
443 2734 515 2779 est,
547 2734 613 2769 aut
645 2728 893 2770 Cornificium
923 2741 946 2768 a
977 2740 1022 2769 se
1049 2732 1287 2780 superatum.

235 2785 302 2824 Vs.
335 2782 398 2823 70.
458 2783 531 2821 Ex
561 2783 639 2822 illo
676 2782 877 2834 Corydon
913 2782 1109 2837 Corydon
1141 2787 1201 2821 est
1233 2786 1415 2834 tempore
1442 2782 1576 2830 nobis,
1606 2785 1644 2826 id
1667 2791 1739 2840 est,
1771 2792 1914 2829 extunc
1934 2790 2046 2831 nobis
2069 2791 2251 2844 Corydon

102 2839 305 2880 amabilior
331 2839 460 2879 factus
480 2843 562 2888 est,
600 2851 715 2891 quam
746 2839 920 2892 Thyrsis.

235 2972 288 3014 39)
313 2971 416 3006 Cod.:
443 2973 717 3015 spinosicae.
765 2974 811 3015 40)
837 2973 938 3008 Co‹l.:
965 2976 1106 3018 quosi.
1135 2976 1186 3017 41)
1213 2975 1317 3009 Cod.:
1343 2977 1391 3010 de
1416 2985 1748 3014 mantuanorum
1774 2982 1842 3015 vel
1867 2993 2036 3016 caesar.
2068 2985 2118 3025 42)
2138 2983 2239 3018 Co‹l.:

103 3019 321 3052 mixtimus
346 3029 446 3051 cum.
494 3018 545 3058 43)
571 3018 673 3051 Cod.:
700 3019 851 3052 dilimu
862 3031 887 3052 r.
936 3021 987 3062 44)
1013 3020 1125 3054 Codex
1149 3021 1199 3055 hic
1224 3027 1256 3055 ct
1282 3021 1350 3056 sere
1374 3024 1558 3069 ubicunque
1583 3026 1634 3059 hic
1659 3038 1753 3061 casus
1778 3030 1980 3070 pronominis
1999 3023 2238 3065 demonstrativi

101 3065 244 3115 recurrit,
271 3063 368 3098 habet
393 3063 466 3097 hii.
515 3064 566 3105 45)
594 3063 694 3098 Cod.:
721 3065 881 3099 hortos.

909 3135 1466 3144 Ἦ

908 3144 1466 3161 m
