2430 3177
1193 141 1259 188 38

186 335 194 343 ι
285 280 350 321 Vs,
380 278 473 343 447.
536 276 748 337 croceum,
780 284 870 314 cum
900 271 1003 312 enim
1032 274 1246 324 tempestas
1276 270 1408 312 futura
1437 271 1501 322 sit,
1531 281 1690 325 semper
1712 256 1888 311 nascitur
1915 282 2080 312 croceus
2110 270 2151 311 in
2181 282 2297 313 sere-

157 339 279 375 nitate
309 340 347 375 et
366 333 557 388 significat
592 330 834 379 grandinem.
1929 328 1933 330 ·

286 392 349 431 Vs.
380 387 473 429 448.
532 385 677 430 Mitis.
707 388 893 430 maturis,
924 385 967 421 ut
997 385 1091 419 sunt
1120 379 1239 418 nobis
1270 381 1387 418 mitia
1414 392 1561 430 poma,
1601 381 1626 420 i.
1649 366 1682 419 e.
1714 384 1877 420 matura,
1940 377 2152 430 Defendet
2218 392 2297 422 non

155 446 339 487 defendet
369 448 553 483 maturas.
587 461 637 469 —·
666 437 895 503 Pampimcs
925 436 1098 476 feminini
1128 436 1285 488 generis
1316 439 1358 475 ut
1387 438 1525 473 vAnno
1554 434 1693 473 karum
1719 435 2027 485 pampinorum,
2161 410 2174 426 ⁹

286 503 351 541 Vs.
380 496 473 538 450.
533 494 630 560 {loc
659 499 781 533 emam
822 497 860 532 et
896 492 1055 553 reliqua·
1122 489 1229 530 Ordo
1268 490 1351 530 hic:
1390 490 1467 536 hoc
1506 492 1621 530 etiam
1663 490 1887 529 meminisse
1924 487 2070 543 magis,
2109 490 2198 542 quia
2237 490 2299 531 301

154 568 312 599 emenso
344 554 510 606 Olympo
531 555 586 599 ⁹³)
628 549 677 590 ad
716 560 918 600 vesperam
959 558 1070 599 signa
1099 545 1272 596 {meliora
1303 550 1412 584 sunt.
1455 567 1503 573 —
1536 543 1736 589 Emenso.
1766 549 1989 593 transact03
2029 556 2189 584 emenso
2218 556 2299 586 non

160 613 316 666 proprie
334 609 404 649 sed
427 606 664 655 translative,
696 605 861 644 dicimus
883 613 1082 641 emensam
1105 602 1218 648 viam,
1250 612 1363 651 quam
1385 603 1440 647 ⁹4)
1463 600 1875 652 perambulaverimus,
1908 599 1945 639 id
1967 604 2027 639 est
2047 604 2284 640 transactam

284 666 350 705 Vs.
381 662 476 703 452.
533 660 683 711 Ipsius,
715 659 823 708 solis,
855 657 898 694 in
929 655 1057 700 vultu,
1089 656 1126 694 in
1148 655 1255 694 orbe.
1277 677 1331 682 —-
1361 653 1504 700 Vultus
1527 667 1603 694 non
1624 655 1790 706 proprie,
1823 655 1913 706 quia
1933 655 2063 694 vultus
2083 634 2296 694 bominum'

289 722 354 760 VS·
383 716 477 759 453·
540 714 772 756 Caeruleus,
806 712 914 752 color
944 716 1005 752 est
1032 711 1158 764 niger.
1192 732 1244 738 —
1279 707 1500 747 Caeruleus
1531 710 1700 762 pluviam
1731 709 1933 749 denuntiat
1943 722 1956 759 ;
1988 710 2133 761 iyneus
2163 683 2298 752 euros,-

151 778 320 821 breviter
351 774 513 814 collecta
543 770 743 812 conclusio
774 772 846 808 est.

284 831 351 871 Vs.
381 828 475 868 454.
537 824 706 868 Rutilo,
735 823 855 862 claro.

283 887 349 926 Vs.
380 883 474 925 455.
540 880 701 923 Omnia,
730 878 796 917 ubi
825 876 1052 929 periculum.

155 1000 162 1008 .
261 941 351 1004 ᾸΤΒ.
382 938 478 1001 456ἰ
511 935 724 1001 ‘Feri-ere,
751 933 878 997 terve,
909 931 1042 969 servis.
1068 952 1118 957 —
1153 928 1376 980 Quisquam
1406 941 1465 966 me
1495 932 1532 967 et
1562 929 1724 979 reliqua,
1757 940 1867 969 suam
1897 933 1940 968 ut
1968 929 2070 968 solet
2089 938 2297 981 personam

152 999 393 1090 insanifnpt
431 993 545 1043 alibi,
583 995 666 1029 tum
705 986 803 1026 melu
839 984 982 1024 molles
1021 982 1093 1022 sub
1123 984 1220 1022 dico
1252 995 1422 1034 carpere
1450 996 1632 1028 somnos,
1671 987 1715 1023 ut
1754 983 1935 1024 ostendat
1972 983 2172 1024 vitandum
2207 994 2298 1024 esse

179 1065 283 1095 cricu
302 1065 326 1091 u
371 1078 379 1087 .

150 1067 174 1108 p
285 1106 351 1145 Vs.
382 1101 476 1144 457,
539 1098 790 1141 Convellere,
820 1096 987 1137 solvere.
1938 1060 1940 1062 Υ

284 1161 351 1201 Vs.
382 1156 475 1200 458.
536 1155 723 1206 Refer-et,
753 1152 902 1192 adferet
932 1149 968 1189 id
991 1154 1051 1189 est
1081 1148 1152 1188 sol.
1183 1171 1238 1176 ——
1273 1146 1482 1193 Relatum,
1513 1161 1628 1199 quem
1659 1147 1851 1189 adtulerat
1879 1148 1941 1188 vel
1969 1148 2185 1189 invexerat,

286 1217 353 1255 Vs.
384 1211 480 1254 459.
538 1209 723 1249 Lucillus
756 1206 865 1245 orbis
896 1202 988 1248 erit,
1020 1204 1113 1243 solis
1144 1204 1304 1243 scilicet.
1372 1201 1602 1246 Tem-ebore,
1635 1204 1860 1243 terreberis.
2120 1235 2122 1238 .

284 1272 351 1310 Vs.
378 1267 470 1309 460.
530 1265 589 1304 Et
619 1263 749 1306 claro,
780 1260 984 1302 screnilico
1005 1260 1078 1309 ⁹³),
1109 1258 1146 1297 id
1179 1263 1238 1297 est
1270 1270 1380 1309 puro,
1413 1270 1567 1301 sereno,
1599 1259 1688 1309 quia
1720 1263 1780 1297 est
1800 1259 1954 1311 nigrum
1999 1262 2042 1297 ut
2066 1257 2297 1310 fluctusque

153 1334 346 1379 atrosque
377 1322 605 1375 aquilones.
1957 1288 1969 1309 '

285 1382 350 1421 vs,
382 1377 474 1419 461.
538 1374 652 1420 Quid
691 1385 857 1423 vesper,
898 1369 1147 1422 proverbium
1188 1373 1266 1415 est,
1305 1369 1452 1416 nescit,
1494 1367 1584 1419 quid
1626 1379 1766 1420 vesper
1803 1367 1915 1408 ferat.
1981 1368 2198 1420 Vesperum
2226 1377 2297 1419 pro

151 1443 266 1481 nocte
295 1435 438 1490 posuit,
470 1429 732 1484 synecdoche,
765 1440 786 1467 a
817 1431 926 1479 parte
956 1429 1091 1464 totum.
1163 1422 1304 1466 Velmc,
1336 1422 1496 1462 adserat.
1530 1447 1579 1450 -
1619 1422 1736 1461 Unde
1767 1435 1954 1466 serenas,
1986 1426 2113 1463 siccas
2167 1421 2207 1462 id
2236 1425 2298 1462 est

152 1495 319 1548 pluviam
348 1501 426 1529 non
456 1487 665 1528 adlaturas.
725 1482 1046 1533 Conclusiolcst,
1085 1491 1185 1530 quae
1226 1478 1324 1517 haec
1353 1478 1546 1527 continet,
1587 1479 1724 1530 signa,
1767 1490 1869 1529 quae
1905 1490 1956 1518 ex
1984 1452 2209 1518 stellis’vel
2246 1488 2297 1517 ex

151 1550 276 1591 ventis
305 1544 501 1599 possimus
532 1540 731 1592 colligere,
762 1537 897 1576 melius
929 1548 977 1574 ex
1003 1533 1087 1573 sole
1114 1534 1347 1586 colligimus.
1767 1538 1773 1543 ‘

285 1602 352 1640 Vs.
381 1596 476 1638 462.
541 1594 725 1645 Coqitet,
752 1593 791 1632 in
822 1603 937 1643 quam
970 1601 1014 1629 se
1040 1595 1187 1641 partem
1219 1588 1360 1637 flectet,
1394 1587 1613 1627 serenitatis
1634 1590 1690 1635 96)
1723 1599 1771 1627 an
1800 1587 1967 1641 pluviae.

285 1656 351 1694 Vs.
384 1651 478 1716 45⁸4.
539 1648 630 1691 Ille,
662 1650 723 1687 sol
765 1644 1022 1707 —·Caec0s,
1051 1644 1346 1683 coniunctiones
1379 1643 1556 1691 latentes,
1588 1642 1763 1682 insidias.

285 1710 351 1749 Vs.
384 1704 477 1747 406.
539 1702 733 1753 Caesare,
770 1700 865 1751 GaJo
896 1699 993 1738 Iulio
1026 1699 1206 1738 Caesare.
1276 1697 1317 1735 In
1355 1698 1519 1749 gratiam
1552 1697 1720 1749 Augusti
1759 1696 1875 1735 deflet
1905 1696 2085 1736 Caesaris
2115 1700 2280 1737 mortem

155 1768 318 1808 Constat
345 1764 476 1802 occiso
508 1760 676 1800 Caesare
705 1758 743 1796 in
774 1759 913 1795 senatu
952 1753 1074 1804 pridie
1102 1752 1235 1792 iduum
1267 1751 1391 1790 Martii
1420 1751 1544 1790 solem
1582 1750 1706 1791 fuisse
1736 1751 1934 1791 defectum
1973 1752 2020 1791 ab
2052 1751 2151 1792 hora
2178 1726 2294 1792 sexta

154 1833 279 1874 usque
308 1818 356 1860 ad
388 1821 556 1857 noctem.

288 1875 352 1914 Vs.
382 1870 474 1912 467.
535 1867 776 1918 Fer-ruffine,
807 1864 879 1904 sub
910 1864 1042 1916 nigra3
1073 1861 1230 1914 proprie
1256 1860 1417 1913 ferrugo
1448 1860 1587 1900 dicitur
1613 1861 1722 1901 color
1751 1861 1938 1914 subniger
1984 1864 2025 1900 ut
2053 1873 2223 1914 purpura

285 1929 352 1968 Vs,
382 1924 476 1967 468.
535 1922 672 1974 Inpia,
704 1934 725 1960 a
756 1919 896 1972 quibus
927 1919 1081 1958 occisus
1113 1916 1269 1955 Caesar.
1328 1914 1452 1966 lupia
1478 1920 1681 1953 aeternam
1704 1917 1761 1966 ⁹⁷)
1793 1920 1832 1955 et
1860 1890 2007 1967 relidua
2062 1921 2103 1956 ut
2131 1891 2296 1957 Romani

154 1987 376 2028 timuissent
413 1984 637 2034 perpetuam
675 1981 843 2016 noctem.
885 1997 936 2003 -
977 1970 1215 2018 Aeternam,
1244 1970 1415 2023 longam.
1480 1968 1740 2015 Timuerunt,
1781 1971 1872 2023 quia
1898 1983 1943 2011 se
1971 1946 2111 2012 mereri
2139 1975 2294 2012 noctem

156 2042 342 2087 sciebant,
372 2036 436 2078 vel
465 2047 535 2088 pro
567 2031 700 2083 eclipsi
731 2030 872 2083 posuit.

287 2094 354 2133 Vs.
383 2089 476 2131 469.
535 2088 731 2139 Aequora
762 2084 912 2136 ponti,
947 2082 1037 2134 quia
1075 2085 1167 2120 sunt
1203 2092 1385 2132 aequora
1415 2084 1453 2120 et
1491 2091 1571 2121 non
1607 2080 1716 2133 ponti
1753 2080 1790 2121 id
1821 2085 1881 2121 est
1919 2080 2066 2133 campi,
2107 2085 2148 2122 ut
2169 2080 2293 2133 prius

155 2153 341 2205 iynotum
368 2147 482 2198 ferro
512 2155 631 2197 quum
660 2140 882 2178 scindimus
920 2150 1088 2188 aequor.

289 2204 355 2245 Vs.
385 2200 478 2242 470.
542 2195 761 2259 Obscoeui,
792 2194 864 2256 diri
891 2193 929 2232 id
963 2196 1041 2241 est,
1072 2191 1254 2243 quoniam
1285 2190 1482 2231 obscoena
1513 2196 1675 2239 canant,
1713 2191 1801 2242 quia
1832 2190 1962 2231 obsint
1991 2190 2169 2244 augurio,
2226 2187 2292 2228 1η.

154 2264 361 2313 portunae
392 2255 575 2295 volucres
593 2281 604 2299 ,
632 2251 672 2291 id
702 2255 762 2289 est
791 2254 934 2300 striges
964 2251 1002 2286 et
1031 2247 1231 2295 buboneS,
1263 2250 1379 2285 nocte
1409 2245 1639 2298 gaudenteS,
1672 2246 1709 2284 in
1739 2246 1907 2285 alienum
1936 2251 2089 2298 tempus
2118 2249 2277 2285 ruentes

157 2317 194 2356 id
226 2319 284 2355 est
313 2312 433 2352 videri
462 2312 498 2350 in
531 2309 611 2356 die,
653 2304 758 2357 quod
796 2303 993 2342 insolitum
1024 2306 1118 2340 crat.
1153 2324 1200 2328 —-
1242 2299 1598 2351 lupar-turmaque,
1640 2312 1741 2352 quae
1770 2291 1989 2340 atl‘domus
2018 2299 2211 2341 accedunt
2233 2274 2293 2350 ⁹⁸),

159 2376 198 2411 et
229 2369 373 2409 malum
402 2364 633 2418 significant.
690 2359 945 2410 Inportunae
978 2355 1161 2394 volucres
1190 2355 1253 2394 hic
1284 2356 1481 2407 epitheton
1512 2362 1583 2397 est.

289 2423 354 2462 Vs.
383 2420 476 2461 471.
539 2417 673 2469 8ἱ9ηα
701 2413 871 2453 dabunt.
935 2411 1134 2457 Quotiens
1165 2416 1203 2451 ct
1231 2411 1391 2463 reliqua.
1451 2410 1558 2450 Ordo
1589 2414 1672 2451 est:
1703 2410 1894 2459 Quotiens
1926 2409 2140 2464 Cyclopum
2167 2409 2293 2464 ruptis

157 2477 382 2521 fornacibus
411 2475 611 2515 effervere.

292 2532 359 2570 Vs.
388 2528 482 2570 472.
548 2525 796 2568 Undautem,
828 2523 1002 2563 flammas
1032 2526 1253 2562 vomentem
1272 2518 1333 2569 ἤ).

293 2586 359 2649 γε.
388 2582 503 2646 473..
540 2581 889 2630 flammarumque
926 2575 1099 2628 ylobos,
1141 2576 1284 2614 malum
1320 2587 1456 2626 omen,
1498 2575 1681 2626 quoniam
1718 2585 1800 2614 non
1834 2573 1966 2614 fumos
2004 2573 2074 2615 sed
2113 2554 2296 2617 flammas*
2357 2565 2361 2567 ’

162 2646 338 2695 emergit.
369 2661 421 2668 -
452 2636 781 2689 Liquefactaque
812 2631 974 2672 volvere
1006 2644 1124 2674 saaca,
1155 2630 1345 2670 volvendo
1374 2629 1623 2680 liquefacere.
1663 2667 1666 2670 ,

294 2696 357 2735 Vs.
387 2691 481 2734 474.
542 2689 774 2733 Germania,
803 2688 904 2728 bene
921 2686 1139 2736 Germania,
1169 2698 1285 2737 quam
1315 2685 1460 2725 vicerat
1480 2683 1635 2728 Caesar,
1661 2687 1703 2724 ut
1731 2695 1779 2724 eo
1808 2683 1942 2724 occiso
1970 2685 2011 2725 iu
2037 2678 2290 2725 rebellionem

163 2751 360 2793 videretur
388 2757 615 2799 exsurgere.

293 2806 360 2845 Vs.
389 2801 482 2843 475.
540 2797 729 2837 Insolitis
757 2796 796 2837 id
825 2801 907 2847 est,
938 2797 1028 2848 quia
1057 2806 1254 2846 nunquam
1287 2798 1378 2835 ante
1405 2793 1444 2833 in
1473 2793 1636 2847 Alpibus
1667 2792 1763 2846 fuit,
1801 2793 1864 2834 vel
1892 2794 1981 2846 quia
2009 2793 2135 2835 maior
2162 2774 2313 2835 solito.⁸

296 2979 347 3020 9³)
379 2977 467 3030 Haec
501 2975 627 3008 turbate
659 2975 690 3006 in
718 2971 831 3025 codice
858 2972 905 3025 sic
928 2969 1099 3015 leguntur:
1128 2969 1194 3003 sol
1226 2954 1455 3004 evemehte
1486 2969 1547 3004 ad,
1591 2970 1642 3012 94)
1667 2969 1870 3003 dedimus
1894 2968 2005 3003 onim
2028 2971 2075 3002 85
2097 2968 2168 3002 ¹¹33
2221 2970 2275 3001 αξ

164 3026 216 3068 95)
241 3022 513 3058 sereuoi'ico.
560 3020 610 3062 96)
635 3022 880 3053 serenitati.
926 3016 978 3058 91)
1003 3021 1172 3050 terram.
1217 3017 1270 3060 98)
1293 3015 1510 3050 accidunt.
1559 3014 1596 3059 a)
1621 3020 1877 3050 vomantem·
2162 2978 2213 3012 *q
2278 2990 2288 3002 ·
