2430 3177
1150 186 1414 203 m
1449 193 1462 198 -

193 271 238 289 »vl-
335 252 401 292 Vs.
432 251 496 293 74
559 252 672 297 Quid
695 252 876 304 prodest
913 264 1024 292 amor
1053 256 1163 302 tuus,
1203 251 1296 292 dum
1324 250 1371 290 i'n
1395 249 1560 290 diversis
1590 249 1685 289 locis
1718 253 1946 321 moramur.
1953 271 2009 281 -·-
2046 247 2153 287 Νοη
2175 249 2353 302 spernis,

203 305 274 347 sed
304 306 454 361 diligis.
502 306 695 358 Αφη3]ητα,
725 305 871 348 Antoni
900 307 961 346 vel
992 306 1149 346 Caesar.
1766 327 1769 331 ‹
1860 327 1880 341 ==

334 362 399 401 Vs.
431 360 494 402 75.
535 361 653 413 qu
684 363 793 400 retia
824 375 953 400 servo.
1020 361 1204 414 Virgilius
1244 361 1370 414 tangit
1407 335 1617 411 allegorice
1645 320 1895 411 pugnantem
1933 359 2187 399 Octavianum
2219 364 2355 400 contra

199 416 434 466 Antonium,
478 423 516 457 et
545 417 747 470 Viigilium
777 429 855 457 non
886 416 1100 456 dimittebat
1131 416 1328 456 dimicare.
1369 437 1419 444 --
1459 414 1589 452 Retia
1626 427 1758 465 servo,
1787 413 1934 454 stabilis
1964 426 2062 455 sum.
2121 412 2219 466 Eyo
2247 415 2355 454 retia

196 483 328 509 servo.
388 472 445 510 Tu
475 471 712 521 voluptatem
734 474 790 520 ²⁶)
824 473 929 524 capis
959 470 1158 511 venando.

333 526 398 564 Vs.
430 523 493 565 76.
554 524 774 579 Phyllida,
805 526 1052 567 accusativus
1083 537 1212 576 casuS‚
1243 537 1386 565 nomen
1420 505 1604 573 mulieris⁷
1636 535 1724 563 cnm
1754 536 1830 575 qua
1860 524 1933 563 fu-it
1961 525 2085 566 amica
2116 524 2210 564 eius.
2267 484 2352 563 Να-

199 579 322 629 talis,
352 580 433 619 dies
464 581 682 620 natalicius.
742 581 877 633 Iolla,
915 582 1118 622 vocativus
1150 592 1288 629 caSUS,
1328 581 1451 621 amica
1484 579 1713 619 communis.
1750 602 1794 606 —-
1837 576 2022 617 Natalis.
2079 579 2254 619 Natalem
2283 591 2354 631 pro

196 635 428 686 iecipiendis
470 637 651 688 agris²⁷)
697 636 798 676 dicit
863 611 1019 674 'Iollam
1058 636 1257 676 dominum
1278 639 1334 683 28)
1377 635 1587 686 a‹cipimiis
1626 634 1951 685 Mantuanorum,
2010 632 2217 686 Phyllida
2259 646 2355 676 vero

193 689 431 739 felicitatem,
463 691 507 730 id
532 693 604 740 e'st,
637 692 744 730 mitte
772 690 866 730 mihi
894 691 1128 731 felicitatem.
1160 713 1212 720 —
1244 689 1369 742 Iolla,
1401 690 1612 742 allegorice
1639 688 1859 742 Augustus.
2056 723 2060 727 ⁴

330 744 396 783 Vs.
428 743 492 784 77.
557 744 653 783 Cum
683 746 854 798 faciam,
882 759 970 786 cum
1001 746 1100 785 aliis
1115 746 1347 786 sacrificem.
1401 744 1592 783 Vitulam.
1637 724 1809 795 Antiqui,
1841 749 2050 796 antequam
2081 755 2232 784 messes
2262 756 2352 784 me-

190 803 335 848 terent,
366 800 526 839 situlam
552 800 747 840 ducebant
777 802 880 841 ciica
909 812 1072 852 messes,
1105 813 1152 841 ac
1181 806 1272 853 post
1301 799 1533 840 sacrificium
1563 799 1798 851 incipiebant
1827 811 1974 840 secare.
1991 822 2046 829 -
2075 798 2171 850 Ipse
2200 800 2355 851 venito,

198 858 240 893 ut
267 854 335 892 tibi
367 855 594 894 saelificem.

323 909 397 948 Vs.
432 907 495 950 78.
556 908 789 962 Phyllida,
824 911 1073 950 accusativus
1115 921 1244 950 casus.
1301 910 1447 950 Dicunt
1485 909 1600 950 ambo
1641 908 1854 960 Phyllidem
1892 921 2038 949 amare.
2096 906 2205 947 Ante
2234 908 2359 961 alias,

198 975 317 1017 super
345 963 453 1003 alias.
487 987 537 993 -
569 963 789 1014 Phyllida,
820 965 906 1014 dea,
933 969 970 1004 et
1001 966 1073 1005 sub
1108 967 1191 1004 eius
1222 966 1380 1005 nomine
1400 964 1594 1005 Antonius
1612 964 1674 1003 vel
1694 963 1839 1003 Caesar
1868 964 2079 1017 allegorice
2108 964 2355 1017 intellegitur..

331 1018 396 1057 Vs.
429 1017 492 1058 79
555 1017 758 1070 Louyum,
791 1020 867 1058 diu.
901 1043 950 1049 —
983 1018 1108 1071 Iolla,
1138 1020 1344 1060 Antonius.
1499 1049 1502 1052 >

331 1073 400 1112 Vs
429 1071 494 1114 80.
560 1072 710 1125 Triste,
740 1074 990 1122 adverbium3
1023 1074 1162 1125 lupus,
1191 1075 1370 1114 inimicus
1400 1074 1463 1114 vel
1491 1073 1626 1122 hei-‚ba
1659 1084 1775 1123 quam
1805 1082 1974 1124 pecora.
1980 1095 2033 1102 -—
2054 1072 2237 1112 Maturis
2265 1076 2357 1126 simu

200 1125 343 1179 yibus
353 1127 524 1179 imbres,
553 1128 594 1166 hi
634 1129 736 1167 enim
775 1128 999 1190 pullulantis
1036 1128 1161 1181 frugis
1201 1139 1310 1180 spem
1342 1129 1494 1167 eiciunt
1555 1128 1625 1166 Hic
1653 1126 1881 1166 Cornificius
1912 1132 2028 1190 poeta
2066 1129 2139 1168 sub
2168 1129 2359 1170 Damoeta

201 1182 458 1235 intellegitur,
491 1188 529 1222 et
557 1182 620 1222 hic
650 1194 791 1222 sensus
823 1187 903 1222 est:
944 1183 1045 1222 sicut
1072 1182 1171 1223 haec
1200 1183 1394 1223 contraria
1425 1182 1627 1223 contrariis
1655 1186 1896 1257 repugnant,
1928 1183 1986 1222 sic
2015 1184 2128 1224 nobis
2159 1184 2360 1232 Romanae

202 1237 296 1287 irae,
327 1238 417 1287 quia
448 1237 539 1276 exul
568 1237 653 1286 fuit,
685 1241 727 1276 ut
756 1237 830 1276 alii.

335 1292 400 1331 Vs.
431 1290 496 1332 81.
557 1289 786 1329 Arboribus
817 1292 943 1344 venti,
974 1291 1175 1331 decutiunt
1205 1292 1305 1330 enim
1336 1291 1466 1330 ssoles.
1526 1288 1677 1342 Nobis,
1706 1271 1940 1330 Mantuanis.

193 1382 197 1386 ,
334 1347 400 1386 Vs.
430 1345 496 1388 82
552 1345 705 1398 Dulce,
735 1347 974 1387 adverbium.
1036 1345 1166 1397 Satis,
1197 1346 1410 1385 seminatis.
1468 1345 1644 1409 Humor,
1674 1344 1803 1397 pluvia
1832 1345 1894 1384 vel
1911 1355 1992 1386 ros
2018 1369 2055 1375 —
2087 1324 2226 1386 Dulce
2254 1349 2356 1388 satis

201 1406 240 1442 et
268 1402 430 1453 reliqua
488 1403 537 1442 Ut
566 1407 696 1442 amant
726 1406 810 1443 sata
840 1402 1067 1450 humorem,
1108 1401 1224 1441 haedi
1253 1401 1455 1451 arbutum‚
1496 1403 1553 1442 sic
1592 1412 1667 1454 ego
1706 1400 1824 1441 unice
1852 1379 2060 1441 Caesarem
2091 1402 2224 1457 diligo.
2287 1404 2359 1446 Hic

202 1457 384 1510 Virgilius
416 1459 488 1498 sub
517 1469 687 1510 persona
715 1457 915 1497 Menalcae
943 1457 1194 1510 intellegitur.
1220 1479 1269 1485 --
1301 1454 1499 1508 Arbutus,
1528 1461 1621 1508 puto
1652 1460 1783 1495 autem
1802 1460 1967 1508 poetam
1978 1456 2056 1496 hoc
2084 1457 2172 1498 loco
2202 1460 2359 1500 nomine

192 1512 328 1553 -arbuti
357 1524 441 1552 non.
467 1519 614 1554 certum
645 1512 794 1553 arboris
825 1523 951 1566 genus
984 1512 1156 1560 definire,
1187 1512 1258 1552 sed
1288 1512 1402 1552 solita
1420 1511 1544 1565 figura
1565 1511 1753 1551 orationis
1774 1511 1944 1563 speciem
1973 1523 2091 1552 unam
2121 1525 2191 1564 pro
2212 1526 2358 1567 genere

200 1567 394 1619 posuisse,
426 1568 503 1607 hoc
532 1574 592 1608 est
620 1567 780 1607 frondes
811 1568 1007 1607 arborum.
1065 1565 1192 1619 Agnis
1212 1568 1516 1620 plaegnantibus
1547 1571 1676 1605 autem
1705 1565 1844 1606 salices
1870 1571 2001 1619 gratas
2033 1567 2227 1620 significat
2256 1570 2358 1609 esse

223 1657 225 1659 ,
334 1621 401 1661 Vs.
432 1621 497 1663 84.
555 1621 704 1660 Pollio
735 1626 844 1659 amat
871 1626 1068 1673 nostram,
1097 1621 1255 1662 Caesar.
1323 1622 1394 1661 Hic
1432 1621 1612 1662 adolatm
1649 1621 1863 1660 consulem.
1928 1621 2048 1660 Pollio
2079 1622 2140 1662 hic
2169 1624 2359 1676 magister

204 1676 377 1728 equitum
403 1677 476 1716 fuit
505 1677 695 1726 Caesaris,
728 1681 767 1716 et
794 1677 858 1716 hic
887 1681 1068 1729 apparet,
1100 1676 1207 1727 quod
1236 1676 1276 1715 in
1304 1676 1496 1716 honorem
1522 1675 1703 1715 Pollionis
1733 1675 1832 1715 haec
1862 1676 1999 1728 ecloga
2029 1676 2172 1728 scripta
2203 1682 2275 1717 est.

336 1732 403 1770 Vs.
434 1730 500 1772 85.
557 1731 776 1783 Pierides,
815 1731 1018 1784 Nymphae
1046 1731 1228 1771 Pierides.
1296 1730 1503 1783 Vitulam,
1534 1731 1723 1807 optimum
1754 1742 1932 1781 carmen,
1964 1730 2026 1770 vel
2044 1730 2265 1784 honorem,
2295 1734 2358 1775 vel

196 1797 390 1827 amorem.
422 1811 470 1816 —
504 1785 690 1838 Lectori,
721 1788 897 1837 amatori,
930 1792 973 1826 ut
1005 1788 1039 1826 ei
1067 1785 1271 1829 sacrificet.

335 1842 401 1881 Vs.
432 1839 498 1882 86.
558 1841 705 1880 Pollio
738 1846 778 1880 et
806 1842 908 1893 ipse.
966 1842 1077 1883 Nunc
1095 1841 1297 1892 respondit
1313 1841 1478 1891 sibimet
1509 1839 1614 1892 quod
1643 1839 1731 1879 ideo
1760 1851 1857 1879 non
1869 1838 2041 1892 diligitur
2060 1853 2081 1881 a
2104 1841 2356 1894 Pollionem),

204 1896 295 1947 quia
322 1897 406 1950 ipse
435 1898 507 1937 sibi
538 1902 695 1938 cantare
724 1898 859 1949 possit.
878 1920 933 1926 —-
954 1895 1091 1948 Nova,
1120 1896 1319 1939 mirabilia.
1378 1893 1549 1934 Pascite
1579 1900 1755 1946 taurum,
1782 1894 1873 1946 quia
1894 1900 1977 1935 erat
1997 1897 2211 1947 praemium
2232 1901 2358 1950 poetis

206 1956 339 1992 taurus
370 1953 627 2003 praepositus.
684 1951 909 2006 Allegorice
938 1958 1093 1993 taurum
1116 1963 1296 1991 amorem
1326 1952 1527 2029 maiorem,
1558 1951 1649 2002 quia
1680 1950 1841 1989 meliora
1862 1950 1918 1998 ³⁰)
1950 1952 2123 1992 carmina
2154 1964 2265 1993 cano.

338 2007 404 2046 Vs.
434 2005 500 2047 87.
563 2005 702 2045 Cornu
725 2012 864 2059 petat,
894 2007 1020 2048 feriat.

339 2076 406 2116 Vs.
436 2075 501 2118 88.
565 2077 647 2122 Qui
678 2083 718 2117 te
749 2076 899 2117 Pollio
931 2078 1157 2130 etreliqua.
1213 2076 1372 2118 Asinius
1412 2077 1556 2127 Pollio,
1598 2038 1816 2116 consularis
1853 2075 1932 2127 vir,
1975 2077 2355 2132 tragoedographus‚

206 2132 316 2173 cuius
344 2132 534 2173 beneficio
563 2133 746 2186 Virgilius
772 2133 811 2173 in
841 2132 1047 2174 amicitiam
1078 2132 1257 2173 Caesaris
1287 2132 1498 2182 {venerat}⁷
1537 2135 1576 2170 et
1604 2141 1746 2170 sensus
1777 2135 1857 2170 est·
1898 2131 1966 2183 qui
1997 2135 2036 2171 te
2063 2137 2187 2183 amat,
2225 2146 2357 2174 rerum
2375 2162 2383 2165 „

206 2191 345 2229 natura
373 2187 586 2228 mutabitur
614 2189 649 2228 ei
677 2189 740 2227 vel
768 2188 818 2228 ad
847 2200 1033 2239 amorem,
1063 2188 1126 2230 vel
1155 2188 1205 2230 ad
1233 2188 1448 2263 utilitatem.
1513 2185 1604 2230 Quo
1635 2190 1676 2223 te
1702 2198 1882 2238 quoque,
1910 2198 1990 2245 una
2009 2190 2151 2227 tecum.
2210 2187 2357 2228 Veniat

196 2241 256 2281 ad
286 2242 544 2283 consulatum.
607 2239 774 2282 Gaudet
802 2245 969 2283 venisse.

340 2309 406 2348 Vs.
439 2307 504 2350 89.
565 2306 700 2347 Mella
733 2309 867 2362 fiuant
905 2308 997 2361 illi,
1037 2321 1156 2351 aurea
1194 2308 1353 2349 saecula
1378 2306 1599 2348 destillant.
1676 2305 1844 2365 Rubus,
1892 2307 2056 2362 spineta.
2132 2308 2357 2364 Amomum,

210 2373 336 2415 genus
363 2363 520 2416 herbae,
553 2365 616 2404 vel
643 2364 730 2404 ilos.

345 2434 410 2473 Vs.
444 2433 508 2474 90.
567 2434 687 2483 Amet
721 2448 791 2488 pro
829 2446 957 2488 poena
997 2424 1101 2475 dicit.
1159 2432 1311 2477 Maeci.
1350 2433 1421 2474 Hic
1452 2430 1680 2473 Cornificius
1708 2433 1911 2487 Virgilium
1949 2425 2143 2486 vitupeiat
2171 2437 2245 2486 sub
2272 2448 2355 2478 no-

212 2488 316 2529 mine
342 2488 479 2536 Maevi.
539 2490 678 2530 Maeui
704 2491 915 2541 allegorice
943 2490 1141 2543 Virgilius
1159 2513 1206 2519 -
1225 2490 1367 2531 Bavius
1397 2494 1435 2530 et
1461 2487 1659 2538 Maevius,
1689 2487 1767 2528 duo
1798 2491 1939 2539 poetae
1957 2490 2116 2541 pessimi
2124 2481 2355 2538 Athenien-

214 2554 279 2584 ses
308 2544 371 2583 sui
400 2545 603 2596 temporis,
641 2558 691 2584 ex
719 2545 858 2597 quibus
886 2545 1028 2585 Bavius
1059 2549 1217 2587 curator
1244 2544 1337 2593 fuit,
1378 2547 1417 2583 et
1445 2543 1584 2595 quibus
1615 2543 1749 2584 omnia
1782 2554 1855 2582 sua
1891 2549 2002 2593 erant
2029 2545 2274 2596 communia,
2303 2551 2356 2588 ut

213 2598 372 2650 spiritus
408 2610 509 2639 unus
553 2600 717 2653 geminis
757 2600 985 2652 corporibus
1025 2587 1219 2654 diceretur
1254 2601 1403 2648 inesse3
1442 2597 1512 2639 sed
1549 2602 1755 2649 postquam
1784 2597 1942 2638 alterius
1976 2609 2076 2643 uxor
2113 2612 2202 2640 cum
2231 2601 2355 2642 attero

214 2653 441 2704 concubuit,
482 2655 688 2694 amicitiam
718 2655 917 2705 dissolvit,
957 2659 994 2694 et
1022 2652 1123 2696 nova
1151 2666 1274 2708 regna
1293 2653 1534 2717 accipiunt.
1573 2653 1634 2693 De
1662 2652 1815 2694 Maevio
1846 2651 1946 2693 nihil
1973 2653 2147 2704 repperi,
2187 2667 2353 2719 quorum

216 2719 376 2758 quoque
405 2709 575 2749 carmina
606 2709 655 2748 ob
683 2708 935 2749 humilitatem
965 2710 1115 2750 abiecta
1144 2714 1253 2759 sunt,
1295 2714 1333 2749 et
1360 2708 1504 2748 inimici
1531 2697 1691 2761 Virgilio
1722 2711 1843 2747 erant.
1908 2706 2055 2748 Sensus
2085 2714 2166 2748 est:
2195 2709 2257 2751 hic
2288 2711 2354 2762 qui

218 2762 400 2811 Bavium,
436 2764 647 2815 pessimum
683 2767 856 2816 poetam,
894 2769 1015 2814 amat,
1055 2765 1170 2806 etiam
1198 2764 1390 2805 Maevium
1418 2763 1589 2826 peiorem
1624 2767 1667 2805 ut
1703 2761 1860 2814 duplum
1889 2761 2051 2812 habeat3
2087 2763 2231 2804 malum
2264 2769 2354 2805 eum

218 2817 321 2858 dicit.
377 2817 427 2857 Μ.
459 2817 600 2859 Bavius
629 2823 758 2871 poeta,
790 2831 904 2871 quem
932 2819 1116 2872 Virgilius
1144 2820 1183 2859 in
1211 2819 1399 2861 bucolicis
1426 2823 1546 2868 notat,
1577 2818 1616 2858 in
1645 2816 1889 2869 Cappadocia
1919 2818 2093 2858 moritur.
2136 2831 2141 2834 ·

349 3017 403 3059 ²⁶)
426 3015 557 3051 Codex:
589 3016 871 3051 voluntatem.
916 3017 970 3059 21)
992 3015 1124 3052 Codex:
1157 3027 1300 3061 agros.
1343 3015 1405 3060 με)
1430 3014 1560 3051 Codex:
1594 3016 1708 3050 ioll‘a
1742 3016 1816 3050 dm.
1867 3016 1921 3059 ²⁹)
1954 3014 2085 3050 Codex:
2117 3014 2267 3061 diligit
2297 3017 2350 3052 ab

224 3061 436 3106 apollone.
482 3063 533 3103 ω)
560 3061 692 3098 codex:
717 3061 951 3097 meliorem.
