2430 3177
1131 161 1395 177 Μ

328 227 394 268 Vs.
424 224 518 268 338.
586 225 809 267 renea-are,
849 234 958 264 mero
995 226 1034 262 et
1070 221 1186 263 thure
1223 221 1457 264 sacrificare.
1494 242 1549 252 —
1586 219 1759 266 Annua,
1789 222 2072 264 anniversaria.
2139 220 2337 274 Magnae,

195 283 297 325 bene
324 287 368 323 ut
397 285 520 322 mutat
548 280 777 331 religionem
808 279 1006 330 agricolis.

334 339 400 377 Vs.
431 334 523 376 339.
583 333 728 387 Refer,
758 333 915 373 reddes.
978 332 1202 384 Operatus,
1232 330 1329 373 dans
1359 342 1520 383 operam
1549 331 1736 372 conviviis
1754 362 1765 383 ‚
1795 344 1885 371 cum
1915 338 2055 373 cuncta
2085 344 2206 386 opera
2234 343 2337 374 con-

198 393 364 447 pleveris
395 390 464 430 sed
496 389 616 442 ipsius
647 389 749 428 anni.

333 447 399 486 Vs.
430 442 524 485 340.
587 442 673 482 Sub
705 456 825 489 casu,
854 442 1117 483 decursuvel
1144 441 1234 483 fine.
1264 464 1320 470 —
1351 439 1438 480 Sub
1469 453 1591 486 casu,
1621 453 1692 495 pro
1722 453 1881 493 occasu,
1911 445 1956 481 ut
1983 441 2240 494 suadentque
2268 452 2341 480 ca-

202 502 347 542 dentia
374 500 512 538 sidera
542 512 718 549 εοηιηοε,
748 510 818 551 pro
849 498 1079 538 occidentia.

330 556 397 595 Vs.
429 553 521 596 341.
581 553 834 592 Mollissima
862 553 968 598 vina,
1001 553 1141 603 dulcia,
1172 551 1355 602 iucunda,
1386 551 1596 606 asperitate
1625 552 1797 593 carentia
1827 555 1866 592 et
1894 555 2093 592 vetustate
2120 549 2192 591 sed
2219 549 2342 603 ipsius

200 611 302 652 anni.
360 613 543 649 lummus
578 609 681 649 dicit.

332 666 397 705 Vs.
428 663 521 706 342.
579 663 763 712 Densae,
794 663 1137 703 subcrescentibus
1167 661 1371 702 frondibus
1402 660 1616 702 densantur
1646 662 1822 702 umbrae.

333 721 401 760 Vs.
432 718 525 760 343.
590 717 698 763 Tibi,
730 719 798 758 tibi
827 719 865 757 in
898 718 1108 768 honorem,
1139 718 1178 757 in
1209 722 1314 757 tuam
1346 718 1525 770 gratiam.

333 776 398 815 Vs.
431 773 521 816 344.
581 772 726 821 Dilne,
756 773 865 822 offer,
898 773 1069 813 desolve.
1100 795 1153 802 —
1184 770 1375 816 Bacclw,
1405 772 1507 811 vino.

335 831 402 870 Vs.
434 828 526 871 345.
592 827 693 873 Ter,
725 828 822 868 deus
853 840 1018 869 numero
1047 828 1173 880 inpari
1193 828 1250 878 ⁵⁴)
1281 826 1438 880 gaudet.
1467 848 1521 854 —-
1559 825 1709 878 Felix,
1740 824 1934 869 fecunda,
1963 824 2075 876 quasi
2106 835 2178 864 sua
2207 826 2348 877 sponte

201 886 469 927 inmolaretur.
528 884 709 925 Iummus
741 883 844 922 dicit.

335 941 400 979 Vs.
432 937 524 981 346.
589 937 768 982 Chorus,
810 938 954 978 chorus
991 941 1052 977 est
1079 937 1238 989 proprie
1267 947 1504 976 coaevorum
1535 940 1696 988 cantuS,
1736 939 1780 976 ut
1808 935 1897 977 alibi
1926 933 2072 974 chorus
2102 933 2167 974 ille
2193 944 2346 984 senum,

204 996 268 1046 hic
295 995 512 1036 multitudo.

336 1050 402 1089 Vs.
433 1047 527 1090 347.
585 1047 675 1087 Nec
705 1052 812 1092 ante,
841 1046 938 1087 ordo
970 1050 1043 1096 est,
1075 1050 1283 1097 antequam
1315 1044 1391 1086 det.
1801 1067 1809 1069 *

336 1105 404 1144 ΥΞ.
435 1102 527 1145 349.
592 1102 746 1153 Cereri,
775 1102 923 1142 habens
952 1102 990 1141 in
1021 1102 1207 1141 memoria
1236 1101 1380 1141 victum
1410 1101 1593 1153 priorem,
1625 1112 1744 1153 quum
1763 1099 1940 1140 homines
1968 1095 2175 1153 glandibus
2203 1107 2349 1138 vesce-

205 1161 359 1202 bantur.
391 1182 442 1188 —
476 1159 722 1198 Redimitus.
755 1162 978 1198 coronatus
1060 1165 1063 1166 ⁷

339 1215 406 1254 ΥΞ.
437 1212 530 1255 350.
591 1213 748 1256 Motus,
782 1212 1026 1251 saltationem
1049 1213 1107 1259 ⁵⁵)
1149 1215 1278 1263 aptam
1316 1211 1520 1264 religioni,
1553 1223 1626 1250 nec
1653 1222 1703 1250 ex
1733 1210 1809 1249 ulla
1838 1214 1923 1249 arte
1951 1208 2185 1248 venientem.
2247 1207 2351 1244 Gau-

209 1282 383 1310 nmwnus
416 1269 518 1309 dicit.
557 1291 612 1298 --
650 1267 945 1318 Inconpositos
975 1265 1174 1318 synlipsis,
1206 1267 1296 1317 quia
1324 1267 1568 1318 inconposita
1597 1266 1712 1306 etiam
1742 1266 1826 1318 ipsa
1858 1265 2030 1305 carmina
2058 1261 2349 1315 intelleguntur.
2410 1271 2413 1274 ·

215 1324 418 1368 Carmina,
448 1324 630 1375 hymnos.

343 1379 410 1419 Vs.
442 1377 535 1419 351.
595 1377 769 1416 Discere
781 1380 851 1426 56),
881 1376 1018 1415 haeret
1049 1376 1146 1415 caeli
1177 1387 1335 1428 menses
1367 1380 1406 1416 et
1434 1376 1565 1417 sidera
1594 1387 1721 1418 serva.

341 1434 410 1473 Vs.
441 1431 534 1474 352.
592 1432 740 1471 Aestus
769 1444 840 1485 pro
871 1431 1143 1470 serenitatibus
1172 1432 1315 1483 posuit.
1562 1426 1565 1430 ”

344 1489 410 1528 ΥΞ.
441 1486 534 1529 353.
595 1487 820 1531 Menstrua,
853 1486 957 1525 unde
987 1490 1025 1524 et
1052 1482 1164 1539 μήνη
1194 1485 1344 1526 dicitur.

345 1543 413 1582 Vs.
446 1541 539 1583 354.
602 1541 822 1593 Cedet-ent,
852 1541 945 1581 ssarc
975 1540 1211 1580 desinerent.

346 1598 411 1637 Vs.
443 1596 533 1638 355.
592 1596 776 1649 Propius
807 1595 979 1634 stabulis
1011 1600 1071 1635 est
1100 1596 1218 1649 longe
1249 1608 1270 1635 a
1300 1595 1479 1636 stabulis.

347 1652 413 1691 Vs.
444 1649 536 1693 356.
599 1650 886 1703 Surycntibus,
916 1652 1010 1691 flare
1039 1650 1323 1702 incipientibus.

349 1707 415 1746 Vs.
445 1705 539 1747 357.
597 1705 774 1750 Aridus,
814 1707 904 1756 quia
934 1706 1038 1744 sicca
1077 1710 1115 1743 et
1144 1704 1252 1745 arida
1282 1716 1462 1756 quaeque
1497 1703 1604 1757 ligna
1641 1702 1757 1745 facile
1793 1703 2049 1756 franguntur;
2086 1700 2245 1740 aridum
2282 1711 2352 1754 pro
2428 1745 2430 1751 ¹

215 1763 368 1804 sonanti
398 1763 565 1814 ponitur.

348 1817 414 1856 Vs.
445 1814 537 1858 359.
580 1815 768 1856 ‘Misceri
797 1827 868 1867 pro
897 1814 1056 1855 turbari.

273 1925 296 1966 d
347 1872 415 1966 Fls.
445 1869 539 1912 360.
597 1871 712 1910 Male
741 1875 966 1922 temperat,
997 1881 1067 1922 pro
1097 1880 1176 1908 non
1205 1871 1393 1921 temperat
1422 1868 1484 1909 vel
1511 1879 1591 1909 non
1621 1867 1808 1919 abstinet,
1839 1879 1918 1907 non
1947 1867 2021 1909 sibi
2050 1867 2194 1920 parcit,
2224 1865 2264 1907 id
2293 1869 2354 1906 est

216 1938 270 1968 un
300 1939 321 1966 a
367 1938 512 1967 uriosa.

353 1982 419 2021 Vs.
451 1979 544 2022 361.
608 1979 781 2024 Celeres,
812 1979 1001 2020 celeriter.
1033 2003 1084 2007 —-
1116 1978 1345 2023 lter-olant,
1375 1977 1571 2018 festinant.

353 2037 419 2076 Vs.
450 2034 543 2076 362.
604 2035 811 2086 Marinae,
841 2034 889 2075 ad
920 2034 1195 2074 discretionem
1226 2033 1452 2074 fluvialium.

352 2092 418 2130 Vs.
449 2088 543 2132 363.
605 2090 785 2134 Fnlicae,
818 2101 915 2141 quas
945 2090 1065 2143 vulgo
1093 2089 1287 2129 fulliculos
1318 2087 1460 2128 dicunt.

355 2147 421 2186 Vs.
451 2144 545 2187 364.
602 2146 764 2188 Ardea,
805 2145 915 2196 quasi
947 2145 1066 2185 ardua
1096 2144 1202 2192 avis,
1244 2155 1360 2194 quam
1399 2142 1520 2195 vulgo
1548 2154 1797 2193 nosarapam
1817 2144 1872 2190 57)
1903 2145 2047 2182 vocant
2085 2140 2187 2181 dicta
2221 2139 2270 2180 ab
2304 2149 2355 2179 eo

223 2199 327 2252 quod
359 2213 446 2241 cum
473 2213 608 2241 vocem
640 2201 777 2240 emittit
806 2200 906 2239 oculi
938 2202 1021 2240 eius
1054 2199 1286 2247 ardescunt3
1324 2198 1387 2237 alii
1417 2201 1554 2249 putant
1583 2197 1726 2237 dictam
1745 2200 1817 2249 ⁵²⁵),
1849 2196 1954 2249 quod
1983 2195 2104 2237 ardua
2134 2206 2249 2236 crura
2277 2193 2355 2234 ha-

220 2255 324 2306 beat,
353 2256 391 2296 id
422 2261 481 2295 est
509 2256 689 2305 alta,>vel
720 2253 822 2306 quod
854 2254 975 2294 ardue
1002 2254 1040 2294 id
1070 2258 1130 2293 est
1157 2253 1233 2294 alte
1263 2252 1379 2294 volat.

354 2312 420 2350 Vs.
448 2308 542 2351 365.
600 2309 869 2361 Inpenclente,
896 2310 1118 2348 inminente.
1321 2310 1325 2311 ⁷

356 2366 422 2406 Vs.
453 2364 546 2406 366.
604 2363 891 2415 Praecipites,
921 2368 1050 2403 utrum
1080 2375 1151 2416 pro
1181 2363 1404 2412 celeritate,
1435 2373 1484 2402 an
1513 2361 1657 2414 potius,
1687 2360 1775 2413 quia
1806 2362 1864 2401 sic
1892 2374 1915 2401 a
1945 2360 2058 2404 nobis
2087 2359 2278 2400 videntur.
2305 2381 2358 2387 —

357 2421 423 2460 ΥΞ.
453 2419 547 2461 367.
605 2419 874 2458 Flammarum
906 2423 944 2458 et
967 2419 1128 2469 reliqua.
1194 2418 1398 2459 Stellarum
1425 2421 1682 2470 purgamenta
1723 2416 1900 2456 cadentia
1930 2420 2087 2456 ventum
2117 2414 2357 2454 denuntiant.

227 2473 284 2514 Fit
308 2476 407 2514 enim
438 2475 514 2515 hoc
545 2487 595 2515 ex
625 2474 858 2516 abundantia
888 2473 1098 2521 fluctuosa,
1131 2485 1232 2525 quae
1263 2473 1401 2513 dicitur
1431 2471 1602 2511 densitas
1634 2471 1749 2521 aeris,
1780 2471 1885 2511 unde
1913 2471 2017 2511 venti
2049 2469 2221 2512 veniunt,

358 2530 424 2568 Vs.
451 2528 544 2570 369.
608 2528 855 2572 Conlndere,
889 2540 1136 2579 conmovere‚
1169 2533 1209 2568 ut
1239 2527 1380 2566 ludere
1405 2525 1646 2577 pendentes.
1672 2547 1725 2553 —
1767 2523 1951 2570 Plantas,
1982 2535 2237 2576 quascunque
2263 2521 2358 2576 plu-

229 2595 325 2634 mas,
356 2585 430 2623 nisi
457 2584 559 2624 forte
584 2597 723 2636 papos
752 2582 958 2636 significat,
990 2583 1028 2622 id
1058 2589 1117 2624 est
1146 2582 1279 2624 cardui
1307 2582 1443 2622 florem
1472 2581 1683 2633 plumeum,
1713 2579 1857 2621 Aratus
1886 2580 1950 2621 ait.

362 2638 427 2677 Vs.
459 2636 551 2678 371.
615 2638 763 2682 Tonat,
794 2639 937 2690 ubique
964 2638 1071 2690 pluit.
1585 2635 1592 2641 ‘

361 2693 427 2732 Vs.
459 2691 551 2733 373.
609 2691 746 2744 Leyit‚
779 2693 946 2746 colligit3
977 2690 1295 2743 inprudentibus
1323 2702 1395 2743 pro
1423 2688 1688 2729 nescientibus
1718 2688 1869 2741 posuit,
1899 2686 1937 2729 id
1968 2692 2029 2728 est
2056 2698 2253 2740 nunquam
2280 2697 2358 2726 ne-

231 2748 442 2789 scientibus
453 2760 464 2796 ;
495 2747 613 2799 offuit
643 2749 734 2787 totis
764 2747 1084 2800 praecedentibus
1114 2747 1250 2801 signis,
1282 2747 1343 2786 vel
1372 2745 1502 2785 verius
1531 2742 1644 2784 valde
1673 2743 1938 2795 prudentibus.
1979 2763 1981 2765 >

360 2803 427 2843 Vs.
459 2800 552 2843 374.
611 2800 731 2839 Illum
761 2807 989 2854 snryentem
1019 2806 1164 2842 aerem.
1231 2799 1415 2841 Vatltbus
1445 2799 1550 2850 imis,
1578 2810 1698 2851 grues
1727 2798 1848 2838 valles
1877 2801 2024 2850 petunt.

233 3014 284 3057 58)
310 2968 572 3048 dsptinpara.
629 2968 681 3011 55)
716 2965 1060 3001 salutacionem.
1118 2966 1169 3009 56)
1194 2964 1447 3000 Discedere.
1506 2963 1558 3007 57)
1581 2973 1705 3008 quam
1730 2963 2137 3007 vulganosarapam
2184 2965 2356 2996 vocant.

338 3025 378 3047 ic
408 3024 440 3047 o.
