2430 3177
122 765 205 842 si
230 799 358 842 Iunilii
385 799 552 855 Flagrii‚
580 799 628 840 T.
659 798 758 841 Galli
787 802 826 840 et
856 796 1062 840 Gaudentii
1090 798 1130 839 in
1159 797 1308 853 Virgilii
1337 798 1498 853 eclogas
1528 803 1568 840 et
1594 798 1873 853 georgicorum
1899 800 2020 843 libros
2059 815 2266 847 commen-

119 877 310 920 tariorum
338 860 599 931 ineditorum,
641 889 742 932 quos
773 889 796 918 e
825 876 962 918 codice
991 876 1181 918 Bernensi
1211 875 1304 918 172.
1337 876 1550 931 descripsi,
1578 889 1685 919 nunc
1714 877 1928 920 secundam
1954 886 2104 934 partem
2133 884 2269 937 publi-

121 955 288 1000 candam
317 957 490 1008 curab0‚
520 960 617 1011 puto
646 955 748 1007 fore,
777 961 821 998 ut
848 955 1025 1010 plerique
1051 954 1131 996 hoc
1160 960 1344 997 conatum
1373 959 1412 996 et
1439 955 1639 1010 inceptum
1666 967 1747 998 non
1776 957 2009 1010 vituperent.
2065 960 2163 1002 Nam
2195 963 2270 1004 etsi

119 1035 259 1090 negari
295 1047 376 1076 non
404 1039 557 1088 potest,
599 1033 720 1076 multa
757 1033 805 1074 iis
837 1033 1028 1075 contineri
1064 1033 1196 1086 inepta
1226 1037 1266 1073 et
1292 1033 1464 1085 insulsa,
1505 1038 1550 1075 ut
1586 1038 1669 1075 tota
1705 1033 1792 1075 fere
1826 1034 1892 1075 illa
1922 1036 2094 1079 carmina
2121 1038 2270 1094 Virgilii

121 1112 336 1167 allegorice
364 1123 412 1152 eo
431 1111 551 1153 modo
579 1110 860 1164 interpretandi
878 1111 992 1162 ratio,
1024 1122 1102 1163 quo
1132 1111 1180 1152 ab
1200 1110 1260 1151 his
1280 1111 1544 1165 grammaticis
1572 1111 1719 1153 factum
1749 1116 1833 1162 est;
1862 1116 1991 1154 tamen
2021 1114 2137 1156 etiam
2165 1129 2268 1158 con-

120 1190 264 1232 cedere
293 1189 496 1242 debemus‚
527 1189 725 1242 specimen
754 1188 973 1242 perbonum
1001 1187 1075 1229 hos
1104 1190 1408 1230 commentarios
1436 1190 1638 1243 praehere,
1669 1202 1747 1243 quo
1777 1190 1896 1232 modo
1924 1191 2074 1245 Virgilii
2099 1194 2272 1237 carmina

101 1266 252 1309 ⁴medio
289 1279 388 1308 aevo
426 1267 673 1322 grammatici
710 1266 955 1320 interpretati
994 1266 1094 1318 sint,
1135 1272 1174 1308 et
1202 1267 1392 1308 nonnulla
1429 1267 1534 1309 lectu
1564 1251 1684 1321 digna
1723 1268 1763 1309 in
1791 1268 1839 1308 iis
1868 1268 2047 1309 inveniri.
2105 1270 2193 1318 Qua
2222 1271 2272 1312 de

119 1355 242 1387 causa
270 1356 437 1399 sagaces
466 1345 608 1387 harum
635 1356 768 1385 rerum
798 1343 948 1385 iudices
987 1349 1026 1385 et
1054 1344 1210 1398 publice
1245 1345 1286 1385 in
1315 1345 1629 1398 ephemeridibus
1656 1345 1854 1387 litterariis
1894 1350 1934 1387 et
1971 1346 2147 1399 epistolis
2177 1345 2272 1390 mihi

120 1423 277 1476 scriptis
306 1435 393 1463 eam
430 1423 524 1463 mihi
552 1423 795 1477 provinciam
825 1421 1040 1475 dederunt,
1078 1428 1122 1464 ut
1151 1435 1268 1475 quam
1305 1423 1474 1477 primum
1509 1424 1583 1465 hos
1623 1423 1925 1465 commentarios
1956 1423 2082 1466 edam.
2142 1426 2272 1475 Quum

119 1499 215 1541 mihi
241 1500 362 1553 igitur
389 1511 496 1541 nunc
525 1500 684 1541 occasio
714 1499 844 1541 oblata
873 1499 924 1540 sit
954 1499 1158 1543 annalibus
1178 1501 1373 1554 gymnasii
1400 1500 1651 1543 Fridericiani
1678 1500 1728 1542 ad
1747 1505 1851 1543 artes
1879 1501 2061 1544 liberales
2081 1508 2271 1557 spectan-

120 1577 174 1618 tia
202 1577 389 1618 nonnulla
419 1576 648 1629 adiiciendi,
686 1582 778 1618 ante
816 1577 891 1618 hos
921 1579 1096 1631 quinque
1123 1590 1248 1620 annos
1287 1579 1465 1632 inceptos
1496 1579 1798 1621 commentarios
1834 1579 2009 1621 edendos
2037 1592 2128 1623 esse
2165 1582 2273 1634 duxi,

120 1659 160 1697 et
186 1655 266 1696 iam
295 1655 343 1695 ab
373 1655 587 1709 allegorica
615 1656 950 1708 interpretatione,
981 1669 1084 1709 quae
1110 1657 1332 1711 legentibus
1359 1658 1400 1698 in
1431 1669 1588 1710 quoque
1615 1656 1701 1697 fere
1728 1668 1846 1698 versu
1873 1657 2099 1713 eclogarum
2128 1658 2272 1700 obtru-

121 1731 248 1784 ditur,
289 1736 328 1773 et
365 1744 459 1774 raro
499 1737 648 1774 tantum
682 1732 861 1774 turbatos
901 1745 950 1774 ea
987 1733 1038 1774 ad
1075 1746 1210 1775 veram
1248 1737 1392 1788 poetae
1429 1735 1663 1775 sententiam
1692 1733 1803 1776 adire
1828 1735 1993 1790 patitur,
2023 1759 2076 1764 -—
2105 1740 2149 1777 ut
2177 1735 2272 1790 ipsis

121 1809 468 1865 grammaticorum
495 1810 627 1852 verbis
656 1810 707 1851 ad
737 1810 865 1865 eclog.
894 1809 993 1851 VIII.
1023 1822 1081 1852 vs,
1102 1808 1167 1854 32.
1197 1811 1413 1854 indicatur:
1442 1841 1470 1858 ‚,
1485 1811 1667 1864 difficile
1696 1816 1779 1857 est,
1804 1825 1888 1864 per
1916 1812 2087 1867 sinyula
2115 1812 2270 1866 allego-

122 1887 226 1927 riam
263 1900 386 1926 unam
414 1888 598 1934 servari;
636 1888 735 1927 inde
765 1888 1136 1934 considerandum,
1172 1893 1308 1929 utrum
1339 1902 1421 1942 per
1457 1888 1627 1942 sinyula
1664 1889 1722 1930 sit
1758 1886 2011 1944 inquirendo
2049 1889 2270 1944 alleyoria,

124 1977 275 2009 annon,
306 1968 349 2004 et
377 1969 511 2004 utrum
539 1964 703 2003 diversa
732 1963 941 2017 aleym-ia
969 1966 1014 2004 in
1042 1965 1189 2005 iisdem
1202 1967 1397 2019 personis
1411 1978 1493 2018 per
1512 1967 1676 2008 diversa
1697 1966 1914 2014 loea,“—
1939 1968 1989 2011 ad
2008 1968 2209 2013 meliorem
2228 1973 2269 2010 et

125 2041 341 2086 doctiorem
368 2042 728 2096 interpretationem
757 2042 1037 2098 georgicorum
1062 2043 1251 2086 librorum
1279 2055 1344 2086 me
1371 2048 1495 2086 verto.
