2430 3177
1149 99 1214 147 25

236 231 303 273 Vs.
337 229 428 272 116.
488 229 614 270 Exit.
671 228 791 271 Exire
819 238 955 269 amnes
987 227 1190 281 dicuntur,
1230 228 1387 281 quando
1417 229 1656 281 exuberant3
1696 231 1777 273 exit
1812 230 1933 283 dixit,
1973 232 2039 272 ubi
2074 245 2153 274 non
2191 235 2249 276 sic

102 287 315 342 aggeribus
345 286 492 340 ruptis:
523 299 612 326 cum
645 295 831 337 spumeus
863 284 953 324 exit.
983 307 1038 313 -—
1073 283 1283 329 Obducta,
1313 285 1546 338 superfuso,
1578 287 1779 340 superlito.
1838 283 1982 336 Limo',
2009 288 2125 329 limus
2153 290 2247 331 infi-

102 355 208 384 mum
240 342 377 392 lutum,
409 342 513 382 unde
544 347 581 382 et
610 341 780 381 viatores
810 339 1064 392 attinguntur.
1617 367 1620 371 .

162 452 176 493 l
231 396 298 437 Vs.
333 395 424 438 117.
489 395 666 448 Tepido,
697 395 829 445 noxio,
862 394 999 435 inutili.
1028 417 1083 424 -—
1111 392 1318 439 Lacenae,
1350 407 1445 436 cava
1473 395 1575 447 loca,
1606 408 1705 448 quae
1735 409 1874 450 aquam
1903 398 2127 452 concipiunt
2154 399 2248 452 plu-

100 452 162 495 via
179 465 240 494 em
257 455 329 501 4⁷).

232 508 300 547 Vs.
333 505 424 548 118.
482 503 574 545 Nec
603 510 751 549 tamen,
780 503 899 545 ordo:
928 516 1003 545 nec
1032 509 1163 546 tamen
1193 505 1287 545 nihil
1317 504 1510 557 officiunt,
1544 518 1632 547 cum
1662 505 1762 547 haec
1791 508 1880 548 sint.

232 563 299 603 Vs.
333 561 424 603 119.
483 559 689 613 Inprobus
722 573 865 608 anser,
905 560 1111 613 inprobum
1144 560 1234 601 dicit
1264 572 1466 604 anserem,
1499 562 1589 612 quia
1618 561 1778 614 fugatus
1807 562 1961 612 redeat,
1991 563 2169 605 referens
2199 564 2250 605 ad

103 617 274 659 animum
304 618 561 667 rusticorum,
593 629 642 656 an
671 616 801 669 potius
831 627 901 668 pro
932 616 1046 656 avido
1077 617 1175 667 cibi,
1205 616 1245 657 id
1276 621 1336 657 est
1364 616 1632 657 insatiabiliter
1660 616 1755 657 nulli
1783 618 1993 671 probabilis
2023 623 2062 659 et
2089 631 2250 661 anseres

101 677 281 727 agrestes
301 675 358 721 4Β)
392 672 536 713 dicunt.
595 674 777 711 IUNlLIUS
797 671 901 711 dicit.

235 728 301 767 Vs.
334 726 425 771 120.
489 726 762 780 Strymoniae.
821 727 1007 779 Strymon
1038 726 1180 768 fluvius
1199 725 1454 767 Macedoniae
1483 726 1546 767 vel
1565 726 1753 767 Thraciae
1781 740 1851 780 per
1880 727 1979 768 duos
2008 729 2140 769 alveos
2171 729 2247 770 de-

99 782 294 824 scendens
314 785 370 831 ⁴⁹)
403 783 530 823 lacum
561 794 746 835 magnum
778 781 906 822 efficit.
963 781 1138 827 Amen-is,
1167 794 1300 823 amaro
1329 794 1464 823 succo.
1523 781 1675 821 Intiba.
1716 783 1785 822 Hic
1815 783 1934 823 intiba
1974 789 2154 824 neutrum
2186 789 2247 825 est

100 842 139 878 et
167 838 398 889 frequenter
426 838 489 878 hic
518 838 682 886 intibus;
726 842 787 877 est
816 837 960 877 intibus
990 838 1029 876 in
1059 838 1248 891 singulari
1285 849 1451 878 numero
1482 838 1742 878 masculinum
1780 837 1819 876 in
1849 838 1985 891 plurali
2015 852 2111 880 vero
2141 852 2247 879 neu-

99 897 215 934 trum.
274 892 398 933 Intiba
428 906 529 934 vena
561 893 752 945 quaedam
781 893 951 946 pessima
991 897 1028 932 et
1057 894 1165 933 nervi
1195 894 1318 932 amari
1347 899 1487 933 terrae.
1562 891 1788 944 Officium,
1817 898 1974 934 nocent.
2007 917 2056 922 —
2095 893 2248 940 Fibrts,

98 946 222 989 fibrae
251 959 429 989 summae
456 954 588 1002 partes
618 949 794 988 iecorum
824 953 939 996 sunt3
964 953 1074 988 nunc'
1096 948 1333 988 frumentum
1364 947 1515 989 dicitur.

231 1003 297 1043 Vs.
331 1003 421 1044 121.
480 1002 618 1042 Nocet
647 1003 840 1056 frugibus.
898 1001 1052 1048 Pater,
1083 1003 1344 1056 Triptolemus
1366 1006 1421 1051 ⁵⁰)
1454 1003 1515 1043 vel
1544 1003 1726 1056 Iuppiter.

230 1059 298 1099 Vs.
331 1057 420 1100 124.
490 1059 688 1102 Veterno,
733 1064 793 1098 est
822 1058 1007 1106 morbUS,
1048 1059 1114 1110 qui
1152 1063 1190 1099 et
1218 1059 1391 1098 intercus
1423 1058 1584 1108 dicitur,
1615 1071 1761 1111 graece
1788 1055 1961 1112 ὕδρωψ;
1999 1059 2064 1100 hic
2092 1061 2250 1113 ponitur

97 1125 170 1168 pro
197 1114 364 1168 pigritia.
430 1112 640 1165 Torpore,
671 1118 845 1166 stupore.
877 1135 930 1141 —
972 1112 1170 1157 Vaterno,
1202 1113 1327 1153 morbi
1356 1125 1519 1164 nomen,
1553 1115 1645 1163 otio,
1677 1115 1842 1167 pigritia,
1872 1115 2022 1155 desidia
2050 1115 2246 1169 hydropi-

98 1181 249 1218 corum,
281 1169 341 1209 vel
373 1174 576 1209 veternum
603 1174 799 1221 torporem
831 1168 1025 1220 quendam
1056 1169 1252 1221 corporis,
1284 1181 1361 1221 quo
1393 1169 1504 1219 quasi
1532 1170 1793 1209 inveterascat
1821 1181 1977 1220 corpus.

230 1225 296 1264 Vs.
330 1223 421 1265 125.
479 1223 589 1262 Ante
618 1224 657 1263 id
688 1228 748 1263 est
777 1236 912 1277 regna.
981 1222 1089 1262 Ante
1120 1223 1255 1262 Iovem
1285 1229 1321 1264 et
1350 1224 1511 1275 reliqua.
1555 1223 1687 1263 Iovem
1718 1224 1809 1264 dicit
1838 1223 1984 1265 fecisse
2013 1237 2059 1265 ea
2080 1237 2180 1277 quae
2207 1226 2248 1266 in

97 1279 423 1332 vituperationem
443 1281 616 1323 veniunt,
647 1278 717 1318 sed
738 1278 815 1319 hoc
844 1279 932 1319 loco
954 1278 1126 1320 defendit
1146 1279 1280 1319 dicens
1303 1291 1452 1316 acuens
1475 1278 1670 1317 mortalia
1690 1279 1819 1317 corda
1844 1283 1882 1318 et
1900 1280 2062 1331 reliqua.
2078 1280 2249 1320 -Ance

98 1333 233 1373 Iovem
265 1339 303 1374 et
330 1336 491 1386 reliqua.
551 1335 694 1375 Dicunt
722 1333 852 1373 Iovem
884 1340 1148 1374 commutasse
1178 1335 1328 1382 omnia,
1368 1347 1456 1374 cum
1487 1334 1613 1374 bonus
1644 1348 1666 1375 a
1697 1335 1800 1374 malo
1828 1346 1908 1374 non
1938 1334 2241 1387 discerneretur,

97 1394 202 1430 terra
232 1392 361 1431 omnia
390 1390 548 1430 liberius
578 1389 750 1438 ferente,
783 1389 889 1440 quod
921 1389 1062 1429 Calvus
1095 1390 1209 1431 canit.
1266 1393 1448 1428 lemnius
1479 1389 1583 1429 dicit.
1643 1389 1792 1442 Subigo
1826 1389 1968 1430 multos
1997 1401 2138 1431 sensus
2166 1391 2244 1431 ha-

97 1444 177 1486 bet.
235 1445 384 1497 Subigo
415 1450 475 1485 est
503 1445 611 1486 fodio
642 1449 680 1484 et
709 1445 849 1497 subigo
878 1450 938 1485 est
964 1457 1083 1485 exaro
1115 1451 1152 1485 et
1181 1445 1322 1497 subigo
1354 1457 1468 1494 acuo,
1500 1450 1561 1485 ut:
1592 1443 1752 1496 subiyc't
1782 1445 1825 1482 in
1855 1449 1949 1483 cote
1979 1457 2152 1484 secures.

230 1500 296 1540 Vs.
330 1498 419 1540 126.
478 1499 641 1539 Limite.
699 1499 828 1539 Limes
858 1499 968 1539 fossa
994 1500 1032 1539 in
1062 1511 1180 1553 agro,
1222 1512 1323 1551 quae
1362 1500 1535 1540 inutilem
1573 1500 1740 1551 concipit
1770 1500 2007 1551 opinionem.
2065 1503 2247 1540 lummus

96 1554 201 1596 dicit.
256 1555 384 1595 Limes
415 1561 475 1596 est
504 1561 669 1608 petrum,
700 1554 806 1606 quod
834 1556 990 1607 ponitur
1020 1566 1091 1608 pro
1121 1555 1236 1608 signo
1268 1556 1367 1595 inter
1396 1554 1495 1594 duos
1528 1566 1687 1606 campos
1705 1557 1775 1603 ⁵¹).
1796 1552 2036 1598 -Limite,
2067 1557 2245 1597 termino.

96 1609 200 1652 Inter
228 1611 386 1651 limitem
418 1616 456 1651 et
486 1611 693 1651 terminum
725 1610 800 1649 hoc
828 1611 1003 1660 interest,
1033 1611 1145 1650 limes
1176 1614 1431 1650 consecratus
1462 1609 1560 1650 adeo
1591 1610 1793 1649 terminus.

230 1666 297 1706 Vs.
331 1664 421 1706 127.
480 1665 529 1704 Ιη
559 1665 746 1713 medium,
776 1665 814 1703 in
846 1676 1066 1704 commune.
1091 1682 1151 1695 »—
1187 1663 1461 1710 Quaerebant,
1491 1664 1794 1716 adquaerebant.
1825 1686 1878 1692 --

228 1721 296 1761 Vs.
330 1719 420 1761 128.
480 1719 685 1764 Liberius,
717 1720 877 1773 largius.
901 1742 954 1749 -—
973 1718 1107 1758 Nullo
1132 1723 1351 1770 poscente,
1382 1719 1532 1760 ferebat
1564 1719 1676 1769 ultro,
1708 1723 1887 1774 utsupra
1909 1718 2005 1759 dixit
2023 1719 2063 1759 in
2084 1719 2245 1774 eclogis.

185 1782 188 1783 ’
230 1776 297 1816 Vs.
330 1774 418 1816 129.
478 1775 576 1820 Ille,
606 1776 788 1828 Iuppiter.
858 1774 977 1814 Virus
1018 1787 1227 1815 venenum.
1290 1773 1448 1812 Malam
1480 1775 1590 1813 virus
1633 1774 1682 1814 ad
1721 1773 1997 1814 discretionem
2033 1775 2244 1826 epitheton,

96 1843 186 1872 nam
212 1833 318 1881 virus
351 1836 388 1871 et
415 1832 563 1871 bonum
595 1836 633 1871 et
662 1831 806 1871 malum
837 1835 897 1870 est
924 1831 1027 1871 sicut
1057 1842 1274 1880 venenum,
1312 1830 1402 1870 licet
1430 1830 1504 1870 sub
1535 1830 1705 1871 Saturno
1735 1835 1938 1882 serpentes
1969 1829 2141 1882 fuerunt,
2172 1830 2243 1872 sed

98 1898 185 1928 sine
211 1899 380 1927 veneno.

230 1942 296 1982 Vs.
329 1939 420 1982 130.
479 1939 656 1985 Mor-eri,
688 1941 877 1994 navigari.
1244 1976 1252 1977 c

229 1998 296 2037 Vs.
329 1995 418 2037 131.
480 1996 684 2040 Remooit,
715 2008 793 2036 non
823 1995 993 2046 sustulit,
1024 1995 1096 2036 sed
1125 1994 1297 2035 occuluit
1316 1996 1388 2044 52).

230 2052 298 2092 Vs.
331 2050 419 2092 132.
478 2050 612 2095 Rivis,
643 2051 799 2103 quidam
830 2051 909 2091 vini
936 2051 1010 2092 rivi
1038 2043 1207 2091 fuerunt.
1265 2053 1447 2091 lemarus
1475 2049 1580 2090 dicit.
1609 2072 1662 2078 —
1688 2048 1927 2101 Repressit,
1956 2050 2133 2101 inhibuit,
2163 2050 2244 2104 hy-

98 2107 300 2162 perbolice
327 2108 513 2158 loquitur.

230 2163 297 2202 Vs.
331 2161 420 2203 132.
480 2161 762 2214 Extzmderet,
792 2162 969 2204 studiose
999 2161 1209 2215 reperiret3
1240 2160 1473 2200 extunderet
1500 2173 1522 2200 a
1541 2160 1661 2200 fabris
1682 2160 1897 2204 translatio.
1935 2160 2117 2200 hammus
2139 2161 2242 2202 dicit.

232 2219 299 2258 Vs.
333 2216 421 2258 134.
480 2216 707 2262 Paulatim,
737 2218 838 2258 bene
867 2218 1063 2271 paulatim,
1095 2217 1184 2268 quia
1215 2228 1279 2255 ars
1301 2216 1487 2269 gradibus
1509 2215 1739 2268 quibusdam
1761 2218 2019 2268 excogitatur.
2059 2215 2242 2257 Iumms

35 2274 41 2279 '
99 2272 203 2315 dicit.
234 2297 284 2304 --
320 2272 460 2311 Sulcis
491 2273 617 2313 ductis
648 2277 778 2314 aratro
799 2275 870 2322 ⁵³).
928 2272 1154 2316 Frumenti,
1186 2273 1347 2325 seg·ctiS‚
1378 2270 1541 2310 herbam
1571 2270 1808 2325 periphrasis
1839 2271 1984 2324 segetis
2005 2271 2076 2323 ⁵⁴).

233 2329 296 2368 Vs.
333 2326 423 2369 136.
482 2327 626 2371 Aluos,
653 2334 770 2369 rates.

231 2385 296 2424 Vs.
331 2382 422 2424 137.
479 2381 692 2427 Numeros,
725 2383 878 2434 modos,
908 2388 949 2424 ut
980 2383 1202 2423 dicerentur
1231 2382 1458 2433 septemtrio
1488 2386 1637 2435 septem
1660 2380 1873 2421 stellarum.

230 2440 296 2480 Vs.
331 2436 420 2480 138.
479 2437 677 2478 Pleiades
700 2439 759 2485 ⁵⁵)
800 2444 888 2479 ortu
926 2450 1000 2479 suo
1031 2439 1178 2490 primae
1217 2437 1474 2490 navigationis
1514 2442 1667 2490 tempus
1708 2437 1894 2485 ostendit3
1934 2435 2110 2476 Pleiades
2149 2442 2242 2478 sunt

99 2495 258 2545 stellae,
291 2507 393 2546 quae
421 2497 459 2535 in
491 2495 614 2535 cauda
644 2495 744 2535 tauri
773 2495 923 2547 positae
952 2495 988 2533 in
1020 2506 1112 2533 vere
1141 2493 1318 2532 oriuntur
1348 2497 1386 2531 et
1415 2492 1601 2544 vergiliae
1630 2497 1902 2543 nuncupantur
1921 2495 1992 2540 ⁵⁶).
2052 2490 2239 2545 Hyadas,

99 2550 238 2591 stellae
266 2563 366 2602 quae
394 2552 431 2590 in
461 2550 590 2590 fronte
620 2551 719 2589 tauri
751 2555 913 2602 septem,
946 2554 988 2589 ut
1019 2548 1202 2588 Chaldaei
1232 2547 1399 2595 tradunt,
1431 2549 1602 2586 nutrices
1621 2547 1746 2586 Liberi
1775 2547 1908 2599 patris,
1939 2547 2166 2600 appellatae,
2199 2554 2248 2597 ut¹

100 2605 283 2646 Musaeus
313 2605 477 2658 scripsit,
511 2606 556 2645 ab
589 2606 670 2657 Hya
701 2605 833 2655 fratre,
866 2616 981 2657 quem
1012 2606 1050 2644 in
1080 2603 1286 2643 venatione
1314 2603 1585 2654 interemptum
1616 2601 1817 2651 fleverunt.
1856 2605 2036 2641 lemnes
2067 2602 2239 2643 dicit—-

99 2659 272 2700 Pleiades
292 2662 348 2707 ⁵⁷)
380 2665 468 2701 sunt
498 2661 634 2701 stellae
663 2660 700 2699 in
732 2660 862 2700 fronte
892 2661 1010 2709 tauri,
1049 2671 1150 2711 quae
1190 2661 1227 2697 et
1265 2658 1451 2710 vergiliae
1493 2657 1692 2708 dicuntur,
1733 2657 1859 2699 dictae
1890 2658 2095 2709 ucrgiiiac,
2136 2657 2241 2708 quod

100 2715 247 2756 vernali
278 2719 451 2767 tempore
479 2717 678 2765 oriuntur3
709 2715 865 2768 Hyades
896 2719 987 2754 sunt
1016 2715 1054 2754 in
1085 2725 1187 2766 genu
1218 2713 1333 2761 illius,
1366 2725 1466 2764 quae
1494 2717 1531 2752 et
1560 2712 1720 2753 suculae
1750 2712 1931 2753 dicuntur
1952 2716 2022 2760 ⁵⁸).
2041 2734 2090 2740 -
2124 2711 2239 2764 Hya-

101 2770 192 2818 das,
222 2770 284 2811 alii
316 2770 362 2809 ab
385 2781 432 2810 eo
454 2770 609 2823 Hyadas
641 2782 730 2812 esse
750 2775 898 2823 putant,
930 2769 1034 2822 quod
1059 2773 1147 2809 ortu
1168 2780 1241 2809 suo
1260 2768 1413 2821 pluviae
1432 2772 1661 2819 nascuntur,
1693 2779 1794 2820 quae
1813 2780 1835 2807 a
1853 2768 1979 2809 nautis
2011 2767 2237 2814 suculac⁵⁹')

191 2927 243 2969 47)
272 2926 372 2961 Cod.:
400 2927 616 2971 pluviale.
647 2927 698 2968 48)
725 2926 829 2961 Cod.:
854 2932 893 2960 ct
917 2928 1087 2960 inseres
1113 2930 1153 2959 et
1177 2930 1390 2969 agrestes.
1427 2926 1479 2968 49)
1497 2925 1599 2959 Cod.:
1625 2923 1907 2958 discendens.
1936 2922 1987 2964 50)
2013 2921 2114 2956 Cod.:
2140 2927 2237 2956 tre-

99 2974 282 3018 ptolem'.
316 2974 363 3015 51)
390 2974 528 3006 Limes
555 2979 623 3006 est
648 2979 1078 3016 petrum—campos,
1110 2974 1141 3005 in
1159 2972 1275 3005 codice
1291 2977 1366 3005 sunt
1391 2982 1523 3005 amanu
1539 2972 1721 3005 recentiore
1746 2970 1874 3012 scripta.
1908 2968 1959 3010 52)
1985 2967 2086 3002 Cod.:
2112 2969 2237 3002 seclo

100 3020 210 3054 aulit.
235 3021 282 3060 53)
308 3022 453 3052 aratri.
478 3019 528 3060 54)
553 3025 744 3063 segetes.
766 3019 817 3061 55)
842 3018 1043 3063 Plyades.
1071 3019 1121 3060 56)
1147 3017 1356 3062 virgiliae
1381 3022 1646 3061 nuncupant.
1672 3017 1723 3057 57)
1742 3015 1934 3048 Pliades.
1966 3014 2018 3056 58)
2036 3013 2136 3047 Cod.:
2164 3025 2236 3048 se-

100 3065 213 3100 tilae
237 3065 324 3099 an.
373 3065 477 3099 Verba
502 3064 684 3100 Pliades
709 3070 812 3100 sunt
835 3082 880 3090 -·
905 3065 1113 3099 dicuntur
1136 3075 1155 3099 a
1179 3074 1277 3098 manu
1301 3066 1480 3098 recentiore
1503 3070 1578 3098 sunt
1601 3063 1774 3106 adscripta.
1828 3061 1879 3104 59)
1905 3059 2008 3094 Cod.:
2043 3060 2225 3104 syculae

1910 3116 1935 3159 4
