2430 3177
1024 114 1284 200 A

207 246 273 287 Vs.
303 243 369 287 34.
433 242 558 297 Olim,
592 241 814 297 aliqnando.
875 243 977 285 Olim
1007 245 1080 286 tria
1109 250 1286 298 tempora
1317 248 1503 288 continet.
1533 270 1587 278 -

73 357 99 397 b
206 301 272 341 Vs.
303 299 368 341 35.
428 301 567 353 Atque
595 301 751 340 utinam
782 312 835 338 ecc
865 299 990 348 vobis,
1021 302 1261 354 pastoribus.
1290 320 1345 331 —-
1392 303 1609 356 Vasti-ique
1635 303 1819 356 fuissem,
1849 304 1990 346 melius
2019 304 2111 346 mihi
2141 317 2217 347 vo—

100 357 225 398 iscum
256 356 344 396 erit.

82 458 87 463 ,
206 406 274 451 vs.
304 408 370 452 36.
428 408 514 450 Ant·
544 415 684 449 custos
711 410 875 462 yreyis,
911 415 953 451 ut
982 412 1222 452 rusticanam
1250 411 1366 452 vitam
1397 413 1591 463 colerem,
1632 425 1679 454 ac
1707 415 1741 455 si
1760 416 1817 463 30)
1849 415 1973 466 dicat,
2005 415 2098 467 quid
2129 416 2221 456 mihi

73 475 163 508 cum
197 466 382 517 urbibus,
421 467 488 506 ubi
526 471 618 507 sunt
654 467 884 506 meretrices
922 470 1001 507 tam
1039 467 1249 520 pulchrae,
1290 479 1406 520 quam
1443 468 1627 522 perfidae.
1667 493 1720 500 —-
1756 468 1953 510 Maturae
1990 471 2148 510 vinitor
2164 473 2220 518 ⁸¹)

74 534 191 566 nevae,
223 527 357 563 custos
387 522 604 562 vinearum.
634 543 690 549 —

206 576 272 616 Vs.
304 574 370 617 37.
429 574 596 628 Phyllis
616 577 688 624 32),
716 575 852 625 Roma,
886 573 1099 629 Amyntas,
1133 575 1291 617 Caesar.
1320 598 1376 607 —

203 632 272 672 Vs.
302 629 370 672 38.
431 629 515 668 Seu
546 631 779 683 quicunque
804 631 952 684 furor,
991 632 1130 684 aliquis
1161 632 1375 674 amicorum
1403 632 1535 685 furor,
1567 633 1693 674 omnis
1723 634 1826 675 enim
1856 647 1967 676 amor
1993 637 2131 688 plenus
2164 640 2224 676 est

70 686 230 730 furoris.
266 719 268 721 ,
294 684 423 725 Tuum
453 698 616 724 carmen
636 687 716 737 33),
758 691 890 739 tuum,
929 699 953 727 ο
981 687 1153 729 Mantua.
1184 708 1238 716 —
1272 686 1323 726 Si
1355 689 1501 740 fuscus
1529 686 1753 742 Amyntas,
1785 690 1881 734 ,licet
1920 691 2004 731 aliis
2042 692 2219 740 nocivus,

71 747 201 785 tamen
229 741 323 781 mihi
352 742 492 782 bonus.
521 763 578 770 —

200 797 268 836 Vs.
298 794 365 837 39.
423 795 485 834 Et
513 797 661 848 niqrae
690 796 826 835 violae
856 802 963 843 sunt,
996 808 1209 839 successus
1235 809 1370 838 rerum
1399 798 1493 839 mihi
1522 799 1693 840 abundat
1712 801 1784 850 ⁸⁴).

203 852 270 946 VS.
300 850 367 892 40.
429 850 516 889 Sub
544 852 639 896 vite,
669 852 743 892 sub
773 865 884 904 rupe,
943 851 1088 892 Lenta
1118 852 1190 892 snb
1219 855 1303 892 vite
1334 854 1503 899 iaceret,
1534 855 1769 909 allegorice:
1799 854 1849 895 de
1876 855 2019 895 vitibus
2050 860 2219 896 cantan-

70 913 149 949 tem
181 919 231 947 au
261 907 347 946 iret.
378 929 433 935 ——
1190 946 1192 949 .

201 963 268 1003 Vs.
296 961 362 1002 41.
425 960 564 1013 Serta,
593 960 725 1000 flores.
761 972 772 979 ··
783 959 964 1014 Phyllis,
994 963 1136 1015 molliS,
1168 963 1353 1016 lentaque
1382 964 1560 1006 manibus
1591 970 1629 1006 et
1658 965 1790 1019 digitis
1819 965 1915 1006 suis.
1933 987 1988 993 ——
2023 962 2221 1005 Cantaret

68 1015 279 1070 Amyntas,
310 1030 374 1058 me
404 1018 562 1058 cantare
592 1016 763 1055 iecisset.
795 1038 849 1045 —-

202 1073 268 1113 νε.
295 1071 362 1113 42.
420 1071 508 1110 Hic
535 1070 674 1123 yelidz‘
697 1071 839 1121 fontes
870 1077 908 1111 et
935 1071 1095 1124 reliqua.
1165 1072 1312 1113 Invasit
1347 1085 1458 1114 amor
1487 1074 1570 1115 eius
1602 1075 1772 1115 animum
1802 1079 1841 1115 et
1883 1075 1996 1127 quasi
2021 1075 2071 1117 ad
2098 1088 2220 1128 prae-

69 1132 222 1168 sentem
250 1128 434 1179 loquitur,
465 1139 512 1166 ac
541 1127 575 1166 si
594 1128 650 1171 ³⁵)
682 1126 806 1166 dicat:
837 1126 930 1177 quid
958 1131 997 1166 te
1027 1127 1184 1168 adiuvat
1211 1129 1313 1168 inter
1341 1128 1491 1182 frigora
1521 1142 1611 1170 esse
1631 1129 1773 1170 'Gallus
1803 1130 1936 1171 nunc?
1966 1131 2087 1172 multa
2117 1131 2219 1172 enim

68 1188 179 1224 crant
197 1183 402 1235 ³⁶)'bona,
433 1181 573 1233 quibus
604 1180 775 1222 adducat
804 1181 1074 1232 concubinam,
1107 1182 1318 1236 allegorice
1346 1184 1529 1237 Virgilius
1562 1185 1783 1225 Caesarem.
1814 1207 1869 1214 —

198 1237 264 1278 Vs.
294 1236 360 1278 43,
425 1236 574 1274 Tecum
605 1248 860 1274 consumerer
892 1249 1005 1280 aevo,
1036 1237 1074 1277 id
1104 1243 1165 1277 est
1193 1241 1327 1278 tecum
1354 1251 1483 1279 essem
1509 1252 1637 1292 usque
1666 1240 1714 1282 ad
1745 1245 1924 1281 mortem.

201 1292 271 1337 Vs,
302 1291 369 1333 44.
429 1291 604 1330 Insanus
633 1304 747 1329 amor
770 1296 808 1331 et
835 1292 999 1344 reliqua,
1029 1292 1069 1334 id
1099 1297 1160 1332 est
1185 1306 1291 1333 nunc
1320 1295 1468 1335 morior
1496 1308 1567 1348 pro
1599 1308 1734 1336 amore
1762 1300 1842 1345 tuo,
1874 1295 1965 1348 quia
1993 1307 2123 1349 neque
2151 1309 2219 1351 per

67 1347 285 1389 absentiam
315 1348 469 1388 decedit
489 1349 559 1395 87).
587 1369 643 1374 -
672 1345 845 1384 Insanus
876 1360 1002 1391 amor,
1033 1349 1124 1400 quia
1154 1350 1282 1389 omnis
1313 1361 1424 1391 amor
1451 1351 1591 1404 plenus
1623 1356 1685 1392 est
1711 1351 1872 1403 suroris,
1903 1351 1995 1392 hinc
2023 1363 2152 1404 usque
2179 1353 2218 1393 in

67 1402 185 1444 finem
213 1404 400 1443 amatoris
430 1402 691 1443 inconstantia
722 1402 964 1454 exprimitur,
994 1425 1048 1431 —

201 1459 268 1498 Vs.
298 1457 363 1498 45.
423 1456 646 1505 Adversos,
676 1456 854 1497 infestos.
913 1456 1090 1503 Hostes,
1120 1459 1345 1500 bellicosos.
1375 1482 1430 1488 —

202 1514 271 1554 vs,
297 1511 364 1554 46.
430 1511 515 1557 Tu,
555 1525 578 1553 o
608 1512 752 1565 Phyllis
778 1513 841 1552 vel
870 1511 1048 1565 Lycoris.
1113 1512 1176 1552 Tu
1202 1513 1379 1566 procul,
1423 1527 1512 1558 cum
1541 1515 1754 1558 moriturus
1786 1527 1868 1557 ero.
1899 1537 1954 1546 —-
1991 1515 2030 1553 A
2056 1517 2216 1568 patria,

33 1585 37 1588 ⁴
66 1567 300 1609 subauditur
327 1568 539 1609 recessisti.
568 1590 624 1597 —

201 1624 268 1664 Vs.
297 1622 365 1664 47.
422 1622 628 1674 Alpinas,
671 1626 876 1663 montanas
895 1624 954 1674 88)
993 1624 1058 1665 vel
1093 1624 1336 1667 MantuanaS.
1377 1646 1433 1654 -
1470 1626 1532 1669 A,
1568 1625 1785 1667 interiectio
1816 1625 1996 1668 dolentis.
2066 1624 2216 1671 Rheni,

66 1678 207 1720 fluvius
236 1679 429 1731 Europae.
458 1701 515 1707 -—
1183 1729 1185 1731 .
1377 1684 1384 1689 “

199 1735 267 1775 νε.
295 1732 360 1775 48.
423 1733 548 1783 Sine,
586 1732 826 1785 imperative.
887 1731 960 1771 Me
988 1733 1096 1778 sine,
1132 1733 1171 1774 id
1201 1739 1263 1775 est
1298 1734 1498 1787 relinque,
1538 1747 1563 1775 o
1593 1747 1727 1788 amor,
1765 1747 1817 1777 ne
1855 1736 2042 1791 fatigatus
2080 1736 2215 1780 fueris.

70 1789 176 1830 Sola
205 1789 338 1841 videm,
367 1795 461 1830 tunc
489 1789 614 1829 vides.
646 1810 702 1818 —-
733 1786 780 1832 A,
811 1789 1028 1828 interiectio
1059 1788 1238 1830 dolentis.
1270 1813 1323 1819 —

200 1845 266 1886 Vs,
294 1843 363 1885 49.
419 1842 456 1882 Α
486 1843 567 1882 tibi
596 1856 646 1881 ne
675 1848 836 1882 teneras
865 1843 1027 1895 ylacz'es
1057 1849 1169 1882 secet
1198 1857 1348 1897 aspera
1374 1844 1579 1897 plantam
1609 1846 1760 1888 etiamsi
1780 1851 1937 1900 spretus
1962 1851 2056 1899 ate,
2085 1853 2215 1889 tamen

66 1901 258 1943 sollicitus
288 1911 390 1951 sum,
420 1911 471 1939 ne
500 1900 593 1951 quid
622 1899 713 1938 mali
733 1901 790 1946 ³⁹)
823 1899 1033 1938 sustineas.
1062 1921 1116 1928 —
1145 1898 1330 1952 Aspera,
1360 1901 1516 1953 frigida.
1548 1924 1600 1929 ——

200 1956 267 1995 Vs.
298 1954 364 1996 50.
423 1953 740 2001 lbo‚.demittam
769 1958 820 1993 te.
885 1951 1159 1998 Chalcidico,
1191 1956 1364 2006 heroico,
1395 1956 1618 2006 Homerico,
1649 1957 1862 1998 Euboeico.
1906 1957 2059 2000 Chalcis
2079 1960 2216 2001 civitas

67 2012 106 2052 in
135 2011 297 2052 Euboea
316 2013 395 2061 4⁰),
436 2011 477 2049 in
506 2022 583 2061 qua
614 2008 859 2061 Euphorion,
900 2021 1018 2060 quem
1047 2010 1243 2050 transtulit
1274 2010 1420 2050 Gallus.
1485 2011 1557 2051 Hic
1597 2023 1739 2052 sensus
1780 2018 1860 2053 est:
1898 2018 2028 2053 tamen
2059 2019 2217 2055 cantare

66 2071 226 2120 potero,
265 2077 355 2106 cum
385 2077 466 2105 non
493 2064 669 2118 inpedies
699 2076 784 2114 me,
816 2068 855 2104 et
883 2068 977 2104 tunc
1005 2065 1174 2105 scribam
1205 2064 1443 2106 Theocriteo
1461 2069 1520 2115 41)
1559 2067 1648 2108 stilo
1685 2072 1724 2108 et
1752 2069 1924 2110 carmina
1952 2069 2214 2122 Euphorionis

66 2134 216 2163 canam.
248 2144 301 2150 —-

197 2177 264 2217 Vs.
293 2175 359 2218 51.
417 2174 612 2214 Pastoris
646 2174 796 2219 Siculi,
828 2174 1034 2215 Theocriti.
1091 2172 1246 2221 Avena,
1275 2176 1425 2218 calamo
1454 2189 1526 2230 pro
1555 2178 1761 2231 scriptura.
1792 2201 1846 2208 —-

198 2232 266 2273 Vs.
296 2232 361 2273 52.
425 2230 589 2270 Certum
620 2236 694 2278 est,
724 2230 764 2270 id
794 2236 854 2271 est
883 2243 947 2271 me
976 2243 998 2271 a
1028 2235 1068 2270 te
1097 2231 1146 2273 ad
1174 2232 1272 2273 alios
1302 2233 1402 2272 velle
1430 2233 1618 2284 transire,
1654 2233 1694 2273 id
1724 2238 1785 2274 est
1815 2233 1947 2274 Gallus
1977 2234 2026 2275 ad
2057 2246 2211 2277 concu—

66 2288 208 2339 binam,
238 2288 423 2341 Virgilius
452 2287 499 2327 ad
532 2286 740 2326 Caesarem
770 2285 874 2326 dicit.
901 2306 960 2316 ·—-
987 2285 1103 2325 Inter
1129 2286 1312 2338 spelaea,
1341 2289 1444 2328 inter
1472 2289 1692 2341 speluncas.
1724 2311 1775 2316 —

124 2380 127 2382 .
198 2343 266 2383 Vs.
297 2341 364 2384 53.
423 2340 558 2382 Malle
585 2342 694 2392 pati,
723 2340 830 2381 ferre
858 2341 1048 2382 laborem.
1079 2365 1134 2371 —-
1164 2341 1367 2387 Incidere,
1399 2355 1421 2382 a
1451 2348 1490 2383 te
1519 2344 1676 2385 vellere.
1706 2366 1761 2373 —

198 2399 266 2439 Vs.
296 2397 361 2440 54.
416 2395 670 2440 Arboribus,
712 2395 761 2437 ad
791 2396 953 2437 arbores
984 2397 1091 2438 dare.
1119 2419 1173 2426 —-
1200 2396 1327 2443 Illae,
1357 2398 1491 2440 silvae.
1557 2397 1760 2438 Crescetis
1789 2412 1970 2451 amores,
2000 2405 2039 2441 et
2070 2412 2154 2452 vos,
2186 2416 2210 2441 o

65 2465 235 2504 amores,
265 2455 453 2495 crescetis
481 2452 694 2492 silvestres.
717 2473 771 2480 —-
1933 2487 1938 2492 ,

62 2539 64 2541 .
196 2509 263 2550 VS.
295 2509 360 2550 55.
419 2505 629 2547 Lustraoo
662 2505 862 2545 Maenala
893 2506 1083 2562 lymphis,
1113 2507 1176 2548 alii
1195 2508 1328 2549 verius
1357 2507 1547 2561 nymphis
1564 2511 1647 2558 ⁴²),
1677 2521 1767 2550 cum
1797 2509 1977 2562 nymphis
1994 2512 2209 2565 permixtos

66 2568 219 2605 montes
246 2564 423 2605 lustrabo
450 2562 644 2604 venando.
677 2582 728 2593 -—
758 2560 972 2612 Maenala,
1000 2563 1064 2604 hic
1089 2563 1306 2616 MaenaIUS,
1336 2564 1434 2605 haec
1460 2564 1638 2606 Maenala
1667 2575 1781 2606 mons
1810 2565 2016 2607 Arcadiae.
2047 2590 2099 2596 —

197 2620 265 2660 Vs.
294 2618 360 2660 56.
417 2618 561 2669 Aer-es,
590 2619 853 2660 vehementes.
885 2642 939 2648 —

197 2674 266 2715 Vs.
297 2672 363 2715 57.
420 2673 687 2718 Parthenios,
717 2673 924 2724 Arcadios,
955 2674 1018 2715 vel
1035 2684 1147 2714 mons
1166 2673 1425 2726 Parthen[ius]
1453 2674 1493 2715 in
1512 2674 1709 2716 montibus
1732 2674 1897 2717 Caucasi
1916 2682 1987 2717 est.
2025 2679 2206 2716 Iummus

68 2730 179 2780 dicit3
208 2729 280 2771 sed
309 2733 347 2770 et
375 2729 567 2771 Parthenii
585 2731 642 2778 43)
671 2729 862 2781 LaconeS,
891 2729 980 2771 ideo
1011 2729 1117 2782 quod
1146 2741 1235 2770 cum
1263 2729 1428 2783 profecti
1457 2735 1592 2771 essent
1621 2730 1669 2771 ad
1695 2731 1854 2783 bellum,
1884 2732 2032 2783 reliqua
2061 2731 2204 2772 iuven-

195 2888 248 2931 30)
276 2886 378 2921 Cod.:
403 2885 595 2921 colorem
620 2885 755 2920 hacsi.
809 2886 861 2929 31)
886 2886 989 2921 Cod.:
1012 2887 1192 2922 vinitur.
1238 2889 1288 2926 32)
1316 2885 1420 2922 Cod.:
1444 2886 1594 2932 Pyllis.
1650 2888 1700 2931 33)
1725 2888 1812 2922 Haec
1835 2887 1937 2922 verba
1960 2887 2083 2921 nonin
2107 2897 2204 2922 versu

63 2933 236 2969 xxxvnl.
261 2935 422 2977 leguntur.
479 2932 531 2974 34)
556 2932 659 2967 Cod.:
696 2930 935 2967 habundat.
991 2935 1040 2976 35)
1077 2933 1177 2968 Cod.:
1201 2932 1277 2967 hac
1301 2934 1346 2968 si.
1404 2933 1456 2976 36)
1481 2933 1584 2969 Cod.:
1617 2941 1723 2969 erat.
1778 2934 1829 2975 3¹1)
1857 2932 1959 2967 Cod.:
1994 2932 2205 2968 discedit.

63 2980 115 3023 38)
148 2980 251 3016 Cod.:
284 2979 498 3023 Alphinas
522 2983 736 3013 montana.
791 2979 843 3021 39)
868 2978 970 3013 Cod.:
993 2980 1114 3013 mari.
1169 2979 1221 3021 40)
1256 2978 1360 3014 Cod.:
1393 2980 1552 3014 euboia
1586 2981 1628 3014 in
1662 2991 1742 3025 qua
1767 2979 1978 3013 euforios.
2034 2979 2085 3021 41)
2109 2979 2201 3014 Cod:

65 3027 289 3061 teocritio.
336 3025 389 3068 42)
413 3024 513 3060 Cod.:
537 3024 758 3070 mymphis.
805 3026 857 3069 43)
882 3024 986 3060 Cod.:
1010 3026 1228 3071 partheni.
