2430 3177
1142 106 1204 153 31

1049 173 1312 191 Μ

98 236 314 278 >serenitate
342 234 522 278 celeriter
549 233 806 288 properanda,
837 245 927 275 nam
957 235 1059 277 male
1088 235 1246 287 quidam
1273 236 1419 287 forent
1447 248 1538 278 esse
1566 251 1638 291 pro
1669 239 1818 288 [futuro
1838 243 2028 294 tempore]
2051 244 2108 291 2⁵]
2142 256 2255 285 sem-

102 303 174 345 per
198 291 347 341 volunt,
377 295 421 331 ut
450 292 501 331 sit
530 302 695 331 sensus:
725 290 847 330 multa
877 294 970 330 sunt
999 291 1257 343 properanda,
1289 303 1390 344 quae
1418 297 1616 335 maturare
1646 295 1772 336 datur.
1885 305 1888 309 ’

233 346 301 386 Vs.
333 343 425 388 261.
485 345 701 385 Maturare
729 345 767 385 id
799 349 859 385 est
897 345 1077 385 celeriter
1104 345 1248 386 facere.
1317 347 1403 388 Hoc
1442 349 1605 389 verbum
1646 351 1744 392 duas
1782 350 1900 392 habet
1937 351 2255 406 significationes.

101 401 253 442 Dicitur
282 403 384 442 enim
414 407 612 443 maturare
642 400 766 450 tarde,
798 399 875 440 hoc
904 405 964 440 est
993 402 1141 441 sensim
1171 401 1317 454 aliquid
1346 402 1492 454 facere,
1526 411 1564 445 et
1585 405 1727 450 dicitur
1746 418 1817 459 pro
1837 406 2026 448 velociter
2037 421 2048 457 3
2078 407 2141 449 hic
2161 421 2257 462 ergo

101 457 179 498 duo
210 468 353 498 sensus
382 461 550 510 possunt
580 456 714 509 accipi,
746 459 790 508 ut
819 454 870 496 de
901 455 1106 498 velocitate
1135 457 1188 497 ait
1206 461 1406 499 maturare
1433 458 1582 513 fugam.
1621 464 1802 503 IUNlLlUs
1833 461 1933 503 dicit.
1955 486 2010 491 -—
2029 461 2256 517 Procudit,

101 511 302 554 tundendo
334 512 475 552 dicitur
505 515 691 552 extenuat
709 513 780 559 2⁶).

230 568 298 608 Vs,
331 566 423 608 262.
481 565 648 606 Lintres
683 565 780 607 duas
814 564 1121 619 significationes
1150 566 1293 618 habet3
1324 567 1409 608 sive
1437 580 1560 611 naves
1590 570 1797 625 significat,
1828 572 1913 614 sive
1941 585 2036 615 vasa
2067 585 2254 626 concava,

99 624 139 664 in
169 623 312 677 quibus
341 628 570 676 premuntur
598 635 711 663 uvae.
769 624 951 661 Inmunis
982 622 1086 662 dicit.

232 678 299 718 Vs.
332 675 424 719 263.
483 675 590 722 Aut,
631 677 743 717 deest
770 677 864 717 facit
874 690 886 726 3
914 677 1064 727 pecori
1092 677 1274 730 signum,
1305 678 1579 730 characteres,
1608 681 1749 734 quibus
1777 695 1922 736 pecora
1953 683 2170 737 signantur.
2202 674 2271 714 —J

98 731 185 774 Aut
214 745 400 772 numeros
430 733 628 785 inpressit
657 735 828 775 acervis,
861 737 1048 784 tesseras,
1079 733 1222 785 quibus
1251 733 1540 776 frumentorum
1570 749 1756 779 numerus
1787 739 1977 792 signatur.

231 788 298 828 Vs.
329 786 422 830 264.
481 787 713 827 Exacuunt
743 787 822 826 alii·
850 787 999 832 vallos,
1030 793 1074 828 ut
1104 793 1229 827 acuto
1260 787 1410 828 robore
1440 790 1574 830 vallos
1601 793 1641 831 in
1671 793 1849 834 secundo
1879 793 1993 835 libro.

230 843 298 884 Vs.
330 841 422 885 265.
481 842 699 888 Amerina,
729 843 823 883 urbs
854 842 990 884 Italiae
1018 844 1057 884 in
1085 844 1254 885 Vestinis
1286 849 1369 897 est,
1406 846 1510 887 circa
1550 859 1667 900 quam
1697 849 1841 889 vimina
1870 849 1995 889 multa
2023 855 2253 900 nascuntur,

98 898 241 951 quibus
273 901 373 940 vites
403 899 587 953 ligantur.
646 902 829 938 Iummus
859 898 964 938 dicit.

230 955 299 995 Vs.
330 952 423 995 266.
481 953 657 1000 Facilis,
687 953 887 1003 flexibilis3
914 953 1078 1005 fiscina,
1106 953 1145 994 in
1173 967 1249 1007 qua
1278 967 1437 996 caseum
1457 957 1657 1010 premitur.
1677 982 1731 987 —-
1752 957 1909 1003 Rubea,
1938 958 2038 1002 Rubi
2067 960 2250 1014 oppidum

95 1009 135 1051 in
164 1009 306 1064 Apulia
336 1008 414 1050 1109
443 1022 593 1064 genere
621 1010 775 1050 viminis
806 1009 1010 1050 abundans
1031 1011 1102 1058 ²⁷).
1161 1013 1344 1051 1011111113
1374 1012 1478 1052 dicit.

229 1066 296 1106 Vs.
327 1063 421 1106 267.
477 1063 604 1120 Nunc
633 1069 789 1103 torrete
831 1064 1058 1115 etreliqua.
1126 1065 1369 1113 Quibusdam
1406 1067 1560 1108 videtur
1595 1068 1660 1109 hic
1695 1068 1884 1122 hysteron
1923 1075 2108 1123 proteron
2147 1082 2250 1122 esse,

93 1119 168 1162 sed
196 1132 275 1161 non
306 1125 380 1175 931,
411 1120 595 1172 quoniam
623 1119 766 1160 Vestae
795 1118 1029 1159 sacrificium
1058 1119 1140 1160 XV.
1170 1120 1332 1161 Kalend.
1361 1122 1448 1162 Mai.
1471 1125 1526 1171 ²8)
1559 1124 1802 1173 celebratur,
1833 1137 1910 1176 quo
1940 1130 2118 1178 tempore
2146 1139 2249 1167 nec-

95 1175 189 1217 dum
218 1179 397 1216 maturae
425 1181 583 1229 segetes
617 1175 891 1224 inveniuntur,
932 1179 970 1214 et
1007 1175 1117 1227 prius
1146 1180 1347 1217 torrentur
1383 1177 1424 1219 id
1457 1182 1518 1218 931
1555 1179 1774 1231 siccantur,
1815 1179 1907 1220 inde
1941 1181 2165 1223 moliuntur.
2195 1204 2261 1230 -,

101 1229 290 1282 Torrete,
318 1235 549 1284 praeparate
575 1242 733 1282 panem,
764 1229 945 1283 frangite,
976 1230 1125 1270 inolite.

226 1287 293 1327 Vs.
325 1283 418 1327 269.
476 1285 560 1324 Fas
590 1285 639 1326 ad
667 1285 870 1336 homines,
900 1285 994 1323 iura
1023 1284 1073 1325 ad
1105 1285 1214 1327 deos.
1243 1307 1298 1315 ——
1338 1285 1470 1326 Rivos
1497 1287 1726 1334 deducere,
1756 1290 1928 1342 siccare,
1958 1302 2049 1332 nam
2077 1291 2249 1345 inrigare

93 1340 281 1382 inducere
310 1341 463 1382 dicitur.

228 1397 294 1437 Vs.
326 1395 419 1438 270.
478 1395 686 1449 Relliyio,
717 1395 846 1436 divina
873 1395 1145 1448 humanaque,
1175 1408 1267 1437 nam
1297 1396 1346 1437 ad
1374 1397 1606 1452 religionem
1634 1401 1847 1454 pertinent,
1876 1399 1937 1441 fas
1968 1399 2018 1442 ad
2047 1400 2243 1454 homines,

94 1453 179 1494 iura
208 1451 259 1494 ad
289 1451 400 1502 deos,
432 1465 508 1504 qua
538 1452 598 1492 fas
629 1452 813 1501 divinum,
844 1453 905 1492 ius
935 1451 1163 1492 humanum.
1220 1455 1403 1492 Iummus
1434 1454 1537 1495 dicit.

233 1507 301 1548 Vs.
331 1505 426 1549 271.
487 1506 670 1546 Insidias
701 1505 843 1545 avibus
873 1505 1035 1551 moliri,
1073 1518 1154 1547 non
1184 1506 1233 1547 de
1262 1509 1586 1561 aucupationibus
1614 1509 1807 1562 loquitur,
1847 1509 1919 1551 sed
1952 1510 2061 1552 iubet
2098 1524 2121 1552 a
2149 1511 2246 1554 satis

94 1561 305 1617 prohiberi,
338 1567 381 1602 ut
409 1562 520 1602 nillil
548 1561 748 1613 inprobus
780 1575 910 1601 auser.
941 1587 993 1594 —
1033 1561 1202 1613 Vepres,
1234 1564 1439 1605 masculini
1468 1565 1638 1618 generis.

227 1618 293 1658 Vs.
324 1616 417 1659 272.
477 1616 720 1662 Balantum,
751 1629 926 1670 syncope
956 1629 1027 1670 pro
1056 1618 1291 1668 balantium3
1321 1631 1508 1664 mersare,
1538 1619 1744 1672 mundare,
1774 1632 1968 1674 mergere.
1998 1641 2054 1649 ——
2092 1618 2244 1660 Fluvio

93 1671 266 1725 salubri,
293 1685 383 1713 nam
416 1673 508 1714 dicit
535 1674 574 1712 in
606 1674 720 1714 tertio
748 1673 848 1713 libro
873 1673 1007 1714 scabie
1035 1673 1217 1726 temptari
1245 1674 1320 1713 nisi
1347 1674 1526 1716 laventur
1546 1678 1617 1724 ²⁹).
1742 1718 1744 1722 f

223 1729 291 1769 Vs.
322 1726 416 1770 274.
481 1726 626 1773 Turdi,
658 1728 802 1778 onusti,
837 1727 971 1772 aselli,
1002 1729 1114 1768 asini.
1144 1749 1201 1758 —-
1229 1727 1444 1780 Ayitator,
1474 1730 1717 1782 verberator,
1749 1731 1797 1771 ab
1827 1730 1982 1785 agendo
2013 1730 2152 1772 dictus.

223 1783 292 1824 Vs.
324 1783 418 1825 275.
477 1782 687 1823 Incassum
702 1813 716 1836 ,
743 1784 1031 1837 inconpositam
1061 1783 1204 1824 molem
1234 1783 1439 1837 significat.
1496 1788 1678 1826 IUNILIUS
1709 1785 1813 1826 dicit.
1879 1784 1967 1825 Aut
1997 1791 2113 1825 atrae
2140 1799 2240 1826 mas-

91 1851 176 1879 sam
200 1840 315 1892 picis
343 1838 442 1878 urbe
470 1844 676 1891 reportat,
708 1840 798 1891 quia
826 1841 894 1892 pix
922 1841 961 1880 in
991 1839 1097 1893 agris
1125 1839 1312 1890 nascitur,
1344 1845 1383 1880 et
1408 1840 1448 1880 in
1468 1841 1566 1881 urbe
1583 1846 1796 1883 retractata
1825 1842 1865 1882 in
1885 1854 2024 1895 agrum
2053 1853 2076 1882 a
2095 1842 2240 1896 pleris-

92 1906 170 1948 que
197 1900 432 1948 reportatur.
463 1917 517 1925 —-
547 1894 770 1944 Incassum,
799 1899 1034 1947 reparatum,
1064 1894 1269 1945 refectum,
1296 1895 1550 1947 perforatum.
1607 1898 1879 1938 Gnunuwrms.

225 1951 290 1991 Vs.
322 1948 416 1992 276.
476 1950 576 2002 Ipsa
606 1951 710 1994 dies,
742 1951 923 1990 omnibus
954 1950 1092 1989 diebus
1124 1951 1319 2002 expressit
1348 1951 1566 2001 Hesiodus,
1600 1964 1715 2004 quam
1744 1965 1828 1992 rem
1857 1954 1934 1993 iste
1961 1953 2150 2006 praelibat
2168 1955 2239 2005 ⁸⁰).

91 2028 146 2035 -—
176 2004 275 2058 Ipsa
302 2006 392 2044 dies
424 2011 464 2046 91
491 2007 652 2058 reliqua.
710 2005 818 2046 Ordo
849 2010 928 2046 est:
962 2006 1049 2058 ipsa
1077 2005 1170 2046 luna
1198 2005 1296 2045 alios
1325 2004 1408 2046 dies
1438 2007 1515 2047 alio
1545 2007 1682 2048 ordine
1711 2007 1818 2049 dedit
1844 2008 2005 2060 felices,
2044 2008 2114 2050 sed
2144 2009 2242 2050 alios

22 2099 29 2102 ,
90 2061 175 2103 31113
202 2061 322 2102 rebus
351 2066 476 2114 aptos.
532 2065 716 2100 IUNILIUS
746 2060 849 2101 dicit.

199 2117 292 2157 'Vs.
323 2115 418 2158 277.
476 2117 641 2156 Γείίσεε
680 2129 870 2168 operum,
911 2115 961 2156 ad
996 2114 1186 2157 sumenda
1224 2128 1358 2169 opera.
1430 2114 1659 2161 Pallidus,
1704 2119 1795 2170 quia
1838 2118 2003 2171 pallidos
2050 2118 2153 2159 facit.
2185 2141 2240 2148 —

95 2170 314 2219 Quintam,
355 2172 498 2213 dicitur
524 2173 589 2213 hic
618 2183 804 2213 numerus
832 2171 1033 2212 Minervae
1062 2183 1154 2212 esse
1183 2175 1461 2222 consecratus,
1501 2184 1618 2225 quam
1656 2174 1830 2215 sterilem
1865 2185 1955 2214 esse
1993 2174 2148 2215 constat
2167 2175 2240 2226 ³¹),

88 2228 196 2269 unde
234 2228 382 2269 sterilia
419 2229 547 2268 omnia
587 2228 720 2280 quinta
747 2228 839 2268 luna
869 2238 959 2268 esse
996 2231 1087 2269 nata
1126 2226 1319 2268 dicuntur.
1390 2229 1650 2268 GAunnnTms
1681 2229 1784 2270 dicit.
1859 2227 2014 2280 Orcus,
2049 2229 2241 2281 infernus,

89 2283 246 2337 quidam
277 2295 365 2324 cum
397 2284 634 2336 aspiratione
661 2283 810 2336 legunt.
842 2306 893 2311 ——

221 2339 290 2379 Vs.
321 2337 413 2381 278.
474 2337 741 2383 Eumenides,
771 2338 925 2379 steriles
954 2336 1020 2377 vel
1047 2336 1204 2389 propria
1233 2337 1394 2378 dearum
1427 2338 1616 2390 [nomina]
1639 2341 1711 2389 ³²).
1750 2337 2015 2385 Eumenides,
2044 2337 2138 2380 κατ’
2167 2337 2239 2381 εὐ-

90 2392 314 2449 φημισμόν
343 2395 580 2434 Eumenides
610 2398 815 2435 vocantur.
844 2416 901 2422 -
933 2391 1075 2442 Setae,
1105 2391 1206 2433 filiae
1215 2406 1227 2443 ;
1257 2392 1453 2444 nefando,
1484 2394 1692 2448 sacrilego.

222 2451 290 2491 Vs.
320 2448 414 2491 279.
478 2448 628 2489 Coeum
658 2453 773 2503 poeta
801 2451 872 2499 [et]
903 2447 1091 2500 Iapetum
1120 2459 1191 2500 pro
1221 2449 1414 2503 gigantes.
1476 2448 1674 2502 Saevum,
1709 2461 1853 2492 saevus
1882 2450 2004 2492 multa
2033 2450 2239 2505 significat,

88 2506 161 2547 sed
189 2505 254 2547 hic
282 2505 466 2556 crudeliS,
495 2505 702 2558 aliquando
731 2504 890 2556 fortem,
923 2505 988 2545 ubi
1016 2516 1159 2542 saevus
1188 2504 1299 2543 iacet
1328 2503 1505 2549 Hector,
1537 2505 1746 2569 aliquapdo
1775 2510 1990 2559 potentem,
2022 2511 2065 2548 ut
2094 2519 2237 2546 saevae

91 2573 302 2610 memorem
332 2560 504 2600 Iunonis
534 2560 586 2599 ob
618 2561 734 2599 iram.
792 2563 975 2600 Iummus
1006 2559 1110 2599 dicit.
1140 2581 1194 2588 —
1232 2558 1430 2612 Typhoea
1449 2562 1521 2609 ³³),
1549 2572 1571 2600 a
1598 2561 1688 2602 1090
1717 2562 1844 2615 gigas.
2146 2581 2162 2605 η

222 2616 291 2656 Vs.
322 2614 415 2658 286.
473 2615 535 2655 Et
564 2617 806 2655 coniuratos
833 2617 1003 2667 fratres,
1036 2613 1198 2655 Aloides
1229 2615 1321 2656 dicit
1349 2615 1481 2656 Othon
1511 2620 1550 2656 et
1577 2615 1795 2668 Ephialtem
1824 2617 2018 2672 gigantes.

223 2671 292 2712 Vs.
321 2669 414 2712 281.
477 2671 631 2711 Cariati
659 2683 731 2725 pro
762 2671 1004 2713 difficultate.
1062 2668 1189 2708 Pelio
1225 2669 1383 2720 Ossam,
1412 2675 1565 2712 montes
1595 2671 1835 2714 Thessaliae.

223 2726 291 2767 Vs.
320 2725 414 2769 282.
478 2727 633 2772 Ossae,
674 2728 838 2776 monti,
859 2727 1080 2772 involvere,
1119 2730 1162 2767 ut
1191 2726 1499 2780 magnitudinem
1530 2728 1764 2781 exprimeret
1801 2728 1920 2775 dixit.
1961 2734 2003 2769 ut
2042 2732 2233 2781 totasque

91 2782 309 2824 advolvere
337 2785 455 2836 foces
483 2782 629 2827 ulmos,
661 2807 711 2813 —-
749 2781 982 2836 Olympum,
1012 2792 1140 2824 mons.

221 2840 287 2879 Vs.
317 2836 411 2880 283.
470 2836 622 2882 Pater,
654 2837 835 2892 Iuppiter.

161 3057 174 3062 α
219 3016 270 3058 25)
293 3014 381 3049 Haec
403 3014 503 3048 verba
525 3016 558 3048 in
583 3015 656 3049 cod.
682 3015 810 3050 desunt.
857 3005 1136 3054 26191111911110
1161 3015 1326 3050 dicitur
1349 2978 1562 3051 exterret.
1610 3016 1663 3059 27)
1688 3015 1960 3050 habundans.
2009 3017 2062 3058 28)
2088 2987 2167 3050 λῖν.
2192 3017 2228 3050 Κ.

88 3063 186 3097 Mai.
232 3062 285 3104 29)
310 3061 528 3096 labuntur.
576 3062 628 3102 30)
657 3061 758 3095 Cod.:
783 3062 969 3106 proliba.
1027 3062 1078 3104 31)
1102 3060 1332 3096 Constant.
1388 3066 1440 3103 32)
1475 3062 1547 3097 Hoc
1571 3073 1641 3097 voc.
1667 3064 1699 3096 in
1724 3062 1797 3095 cod.
1824 3062 1928 3096 deest.
1973 3063 2024 3104 33)
2049 3063 2232 3107 Typhea,
