2430 3177
1219 99 1286 144 22

320 232 387 273 Vs.
417 228 482 272 52.
542 225 606 266 Ac
632 227 799 279 patrios
827 231 867 267 et
894 224 1055 278 reliqua.
1113 225 1209 265 Tres
1231 235 1296 264 res
1327 223 1439 276 dicit,
1470 225 1802 278 quemadmodum
1829 240 1853 269 a
1881 228 2097 272 maioribus
2126 229 2178 271 sit
2205 231 2334 272 cultus
2401 232 2403 234 ’

187 292 227 329 et
255 287 349 340 quid
378 286 516 326 melius
545 283 646 323 ferat
675 288 713 323 et
741 281 832 334 quid
861 286 1030 322 recuset.
1063 302 1114 311 —
1144 278 1408 332 Habitusque
1437 279 1624 321 locorum
1660 283 1700 323 id
1729 287 1790 324 est
1819 288 1958 324 natura
1986 289 2030 325 ut
2057 285 2198 338 pluviis
2227 297 2334 341 gau-

188 343 290 395 deat,
320 354 371 384 an
401 338 588 391 temperie
608 338 667 388 ⁹⁶)
697 338 759 378 vel
787 337 949 391 frigore.
981 338 993 350 '

321 398 387 437 Vs.
417 393 482 435 53.
542 391 743 437 Rea-eset,
774 393 930 432 abnuet.

319 452 385 492 Vs.
416 447 480 489 54.
549 446 749 492 Veniunt,
789 448 1043 500 proveniunt,
1085 450 1124 486 et
1152 445 1360 498 provenire
1388 445 1542 488 fructus
1571 446 1765 488 dicuntur.
1822 446 2006 488 Iummus
2037 448 2142 491 dicit.
2172 472 2226 480 —
2265 449 2337 490 Ve-

188 508 321 552 niunt,
352 507 546 553 crescunt,
578 508 641 542 ut:
667 502 848 555 pulchro
880 503 1015 541 venies
1044 501 1088 540 iu
1115 513 1293 552 corpore
1323 501 1467 549 virtus,
1496 501 1536 542 id
1568 507 1628 543 est
1658 513 1814 544 cresces
1835 506 1907 552 ⁹⁷).
1966 505 2124 544 Gaurus
2157 505 2262 546 dicit.

327 561 390 601 Vs.
421 558 486 600 55.
545 555 723 597 Arborei
749 559 882 610 fetus,
922 570 1039 610 poma
1060 560 1130 607 9Β).
1188 554 1327 608 Alibi,
1358 557 1434 597 alio
1463 557 1564 598 loco.
1629 557 1734 598 Inter
1763 557 1851 598 alibi
1883 563 1921 599 et
1950 559 2068 600 aliubi
2104 560 2181 602 hoc
2207 560 2338 601 inter-

193 622 273 660 est:
303 615 393 657 alibi
423 619 484 655 est
509 613 624 664 aliaS,
656 614 773 654 aliubi
803 615 880 655 alio
908 614 1011 653 loco.
1042 635 1094 642 —-
1123 609 1262 664 Atque
1292 612 1493 656 iniussae,
1524 613 1610 653 sine
1639 613 1782 665 studio,
1813 614 1899 654 sine
1928 614 2096 667 cultura,
2125 627 2218 656 nam
2244 615 2340 658 fru-
2365 614 2370 617 ”

190 676 319 715 menta
345 671 493 711 iniussa
522 674 749 709 nascuntur.
819 668 1052 717 Viresczmt,
1082 669 1344 708 revirescunt.
2339 699 2345 710 ,

322 727 390 767 Vs.
420 724 486 766 56.
545 722 696 763 Nonne
717 727 769 773 ⁹⁹)
800 725 927 768 vides,
960 723 1246 776 argumentatio
1279 734 1324 762 ac
1354 723 1388 762 si
1408 724 1439 771 l)
1471 721 1587 773 dicat,
1619 723 1653 762 si
1683 734 1761 764 una
1779 720 1979 775 provincia
2007 723 2114 765 ferre
2143 732 2224 765 non'
2244 729 2340 780 pot-

193 788 274 834 est,
313 785 459 835 quanto
489 781 615 833 magis
645 791 746 820 unus
776 792 883 833 ager.
917 802 970 809 —
1004 777 1196 827 Tmolus,
1227 789 1338 818 mons
1369 779 1410 818 in
1437 777 1571 830 Lydia,
1602 777 1669 817 ubi
1699 777 1842 818 odores
1871 784 2101 831 nascuntur,
2131 780 2196 821 vel
2225 791 2341 822 mons

193 838 350 881 Ciliciae
370 840 423 887 ²),
453 837 493 875 in
524 847 571 875 eo
603 847 787 875 croceum
816 835 1002 876 nascitur.

327 892 394 932 Vs.
425 889 490 931 57.
550 889 703 929 Molles
738 889 903 932 Sabaei,
935 894 1002 930 aut
1031 888 1198 940 delicati,
1230 892 1298 928 aut
1325 891 1408 928 toto
1430 899 1596 941 corpore
1616 888 1758 938 vestiti,
1789 887 1853 928 vel
1880 888 2018 929 suauei
2039 900 2101 939 eo,
2133 888 2240 941 quod
2268 889 2343 930 sub

196 961 288 992 aere
321 947 574 989 clementiore
604 951 707 985 sunt.
738 968 790 975 —
820 944 977 983 Molles
1010 943 1186 995 Sabaei,
1222 943 1355 996 populi
1393 947 1485 983 sunt
1511 944 1620 983 iuxta
1651 943 1805 996 Syriam
1835 947 1875 983 et
1900 943 2110 994 Arabiam
2149 944 2347 998 Sabaeum>

195 1002 378 1058 oppidum
406 1002 446 1041 in
472 1001 629 1049 Arabia,
661 1002 701 1041 in
730 1013 808 1054 quo
838 1000 928 1040 thus
958 1001 1134 1040 nascitur
1163 1011 1285 1039 suave
1305 999 1351 1045 ³).

326 1059 393 1098 Vs.
425 1055 489 1098 58.
554 1054 780 1107 Chalybes,
819 1067 918 1109 gens
948 1055 988 1094 in
1018 1055 1162 1106 Ponto,
1202 1054 1397 1094 inventrix
1422 1053 1538 1105 ferri,
1577 1053 1670 1094 dicti
1698 1067 1720 1095 a
1751 1052 1939 1106 Chalyhia
1967 1038 2159 1096 Euboeae
2171 1056 2210 1103 4)
2240 1054 2344 1106 vico,

197 1102 304 1168 quod
330 1113 422 1153 hinc
452 1112 579 1153 coloni
609 1117 711 1151 sunt.
769 1111 951 1151 luximus
973 1113 1010 1159 ⁵)
1043 1109 1144 1151 dicit.
1177 1133 1229 1138 —
1259 1107 1397 1153 Nacti,
1431 1108 1529 1150 duri.
2219 1145 2223 1148 ,
2340 1143 2345 1152 ,

329 1169 396 1208 Vs.
426 1166 490 1208 59.
555 1164 767 1210 Castorea,
799 1166 1013 1206 testiculos.
1072 1163 1286 1212 Eliadum,
1316 1165 1395 1204 Elis
1425 1164 1519 1203 urbs
1539 1163 1797 1216 Peloponnesi
1825 1164 1873 1204 ab
1903 1164 1975 1205 Elo
1995 1167 2034 1213 θ)
2067 1164 2182 1205 dicta.
2226 1163 2343 1204 Ium-

197 1237 289 1264 nms
310 1224 350 1275 ⁷)
381 1223 485 1263 dicit.
543 1222 682 1274 Epirus
704 1223 750 1262 'in
780 1222 947 1273 Europa,
978 1222 1019 1260 in
1052 1232 1129 1272 qua
1158 1221 1249 1271 equi
1277 1220 1422 1271 optimi.
1481 1222 1662 1258 lummus
1694 1219 1796 1259 dicit.
1826 1241 1882 1248 --
1917 1217 2137 1263 Castorea,
2168 1225 2345 1261 castores

198 1281 399 1329 dicuntur,
431 1278 470 1317 id
500 1282 559 1317 est
589 1289 705 1317 canes
735 1277 960 1326 silvestres,
993 1278 1059 1328 qui
1088 1276 1127 1314 in
1157 1275 1277 1315 Ponto
1309 1279 1458 1314 tantum
1487 1279 1723 1324 nascuntur,
1754 1285 1854 1326 quos
1883 1273 2007 1314 Latini
2036 1274 2170 1314 febros
2199 1274 2344 1325 dicunt,

197 1347 364 1388 quorum
393 1332 563 1374 testiculi
592 1333 753 1385 pretiosi
772 1333 811 1382 Β)
841 1335 932 1372 sunt
972 1331 1020 1372 ad
1051 1329 1354 1380 medicamenta,
1396 1334 1433 1370 et
1463 1330 1592 1378 virus,
1632 1329 1738 1382 quod
1766 1328 1912 1370 habent
1939 1333 2164 1372 castoreum
2192 1328 2345 1381 dicitur,

199 1396 244 1433 ut
273 1391 313 1431 in
340 1388 565 1442 physiologi
583 1390 620 1435 ⁹)
652 1388 751 1428 libro
779 1387 919 1427 dicitur
939 1388 1008 1435 ¹⁰).
1066 1389 1245 1425 luximus
1275 1385 1380 1426 dicit.

332 1445 399 1484 Vs.
429 1441 495 1484 61.
553 1441 758 1493 Imposuit
789 1441 970 1494 quicquid
1000 1441 1126 1495 frugis
1157 1440 1298 1482 debeat
1326 1439 1515 1493 proferre.

331 1499 400 1540 Vs.
430 1496 495 1539 62.
553 1496 805 1537 Deucalion.
844 1498 973 1546 Quum
1003 1499 1043 1538 in
1072 1496 1274 1536 Thessalia
1303 1497 1378 1536 alio
1400 1500 1577 1548 tempore
1605 1495 1765 1536 flumina
1785 1494 2035 1536 abundabant
2055 1498 2111 1544 11)
2142 1499 2182 1536 et
2210 1506 2347 1538 omnes

200 1555 277 1598 alta
304 1553 394 1595 loca
423 1553 618 1607 petebant,
649 1553 865 1594 Deucalion
894 1552 1106 1594 Thessalus
1136 1556 1174 1592 et
1204 1551 1361 1603 Pyrrha,
1394 1551 1465 1593 dea
1496 1551 1558 1591 vel
1586 1550 1664 1591 filia
1687 1555 1827 1601 terrae,
1858 1550 2007 1603 lapides
2036 1551 2283 1592 iactaverunt
2309 1552 2350 1591 in

200 1615 358 1651 terram.
396 1609 560 1660 Lapides
591 1620 690 1660 quos
714 1609 770 1659 12)
801 1608 1016 1649 Deucalion
1039 1608 1197 1648 iactavit
1224 1608 1263 1647 in
1285 1607 1483 1647 masculos
1511 1608 1618 1646 versi
1637 1611 1740 1657 sunt,
1770 1605 1918 1658 lapides
1941 1618 2049 1657 vero,
2081 1617 2182 1658 quos
2200 1605 2348 1659 Pyrrha

203 1667 243 1706 in
272 1664 448 1705 feminas.
506 1663 605 1703 Hinc
634 1675 760 1716 genus
789 1663 1014 1704 humanum.
1045 1684 1099 1692 —-
1139 1661 1317 1700 Vacuum
1348 1661 1582 1701 hominibus.
2054 1689 2082 1703 „

339 1719 404 1759 Vs.
436 1716 501 1759 63.
559 1715 720 1756 Durum
756 1729 907 1769 yenus,
948 1716 1054 1769 quod
1093 1721 1132 1756 et
1159 1716 1352 1768 lapidibus
1394 1720 1550 1756 constat
1587 1714 1804 1756 secundum
1843 1714 2047 1757 historiam
2085 1715 2348 1757 Deucalionis·

213 1772 376 1819 Terrae,
409 1773 603 1828 genitivus
633 1784 764 1813 casus.

338 1830 406 1870 Vs,
437 1827 502 1870 64.
560 1826 740 1880 Pinyue,
770 1827 872 1869 redit
901 1827 950 1868 ad
977 1827 1117 1869 solum.
1146 1848 1202 1855 —
1231 1823 1398 1872 Primis,
1427 1826 1531 1866 veris
1561 1830 1749 1878 tempore.

340 1885 408 1925 Vs.
438 1882 504 1924 65.
562 1882 787 1927 Invertunt,
819 1888 943 1923 arent.

342 1940 409 1980 Vs.
441 1937 537 1989 66..
565 1936 864 1978 Pulveruleuta
891 1938 932 1979 id
961 1942 1022 1978 est
1051 1938 1216 1978 contrita
1243 1941 1402 1990 propter
1419 1935 1603 1989 hiemem,
1634 1947 1736 1987 quae
1764 1934 2034 1988 pulverulenta
2053 1937 2109 1985 ¹³)
2139 1934 2244 1977 facit.
2279 1936 2353 1978 Hic

211 1994 441 2049 metaphora
467 1994 531 2035 vel
559 1995 756 2046 epitheton
785 1999 857 2034 est.
887 2017 942 2023 —
977 1991 1162 2045 Coquat,
1202 1992 1357 2047 glebam
1386 1993 1503 2032 vertit
1530 1993 1570 2032 in
1593 1991 1794 2044 pulverem
1803 2004 1816 2041 3
1846 1991 2041 2041 maturis,
2076 2002 2148 2044 pro
2177 1996 2351 2034 maturas

210 2050 441 2093 facientibus
472 2054 539 2090 aut
565 2050 690 2102 plenis
719 2054 758 2089 et
787 2049 986 2102 legitimis3
1017 2047 1194 2095 solibus,
1224 2047 1375 2088 diebus.
2054 2084 2057 2088 ,

345 2106 411 2146 Vs,
442 2103 507 2146 67.
571 2103 657 2142 Sub
689 2105 832 2156 ipsum.
890 2104 933 2143 In
964 2108 1003 2144 et
1031 2103 1104 2145 sub
1134 2108 1223 2144 cuni
1243 2106 1299 2151 1⁴)
1330 2102 1555 2143 accusativo
1585 2112 1681 2142 casu
1707 2100 1902 2155 iungitur,
1934 2113 2023 2142 cum
2052 2100 2262 2154 adversum
2289 2103 2353 2145 vel

214 2166 304 2204 ante
333 2160 544 2215 significat:
574 2158 664 2199 ibat
696 2161 740 2198 iu
766 2158 1018 2212 Euryalum,
1059 2164 1098 2199 et
1125 2157 1199 2197 sub
1230 2159 1362 2210 ipsum
1391 2155 1612 2195 Arcturum
1644 2169 1715 2209 pro
1743 2162 1856 2205 ante,
1892 2161 1937 2197 ut
1965 2157 2143 2198 Donatus
2183 2156 2275 2199 dicit
2309 2158 2353 2199 in

214 2216 442 2257 Aeneidem.
486 2241 537 2246 —
583 2213 668 2253 Sub
700 2216 846 2266 ipsum,
877 2227 999 2268 prope
1027 2215 1181 2267 ipsum,
1218 2219 1261 2254 ut
1289 2215 1329 2254 in
1358 2212 1420 2252 VI.
1451 2210 1568 2250 Ecce
1596 2213 1758 2263 primus
1787 2210 1861 2251 sub
1892 2211 2036 2251 limina
2064 2212 2104 2252 id
2133 2217 2196 2252 est
2228 2224 2352 2267 prope

217 2271 360 2312 limina.
422 2268 507 2309 Sub
539 2269 672 2321 ipsum
700 2268 945 2321 Arcturum,
982 2269 1196 2310 autumnali
1216 2273 1271 2317 15)
1303 2273 1499 2320 tempore,
1538 2280 1616 2319 quo
1643 2267 1836 2308 Arcturus
1866 2269 2001 2307 oritur.
2062 2265 2159 2312 Sub,
2191 2268 2350 2320 quando

214 2331 368 2380 tempus
396 2324 601 2380 significat,
633 2325 856 2366 accusativo
876 2323 1023 2377 gaudet
1043 2329 1111 2374 18),
1140 2329 1184 2365 ut
1211 2324 1274 2365 hic
1293 2323 1365 2364 sub
1386 2324 1513 2376 ipsum
1533 2323 1756 2373 Arcturum,
1787 2323 1889 2363 circa
1909 2324 2037 2375 ipsum
2056 2321 2351 2376 Arcturumn).

348 2382 414 2421 Vs.
446 2379 508 2422 68.
567 2379 799 2425 Arcturum,
829 2379 1020 2420 Arcturus
1051 2380 1116 2432 qui
1144 2379 1288 2420 Bootes
1311 2381 1365 2426 1⁸)
1396 2377 1535 2428 dictuS,
1568 2378 1673 2429 quod
1702 2389 1817 2418 ursos
1841 2379 1890 2426 1⁹)
1920 2382 2056 2431 putant
2084 2374 2249 2430 quidam.
2269 2378 2350 2420 bo·-
2427 2365 2430 2372 Δ

216 2436 311 2476 reali
338 2436 483 2477 circulo
513 2437 713 2476 contineri.
769 2436 914 2475 Bootes
943 2440 1073 2476 autem
1102 2435 1209 2487 quod
1237 2435 1453 2487 plaustrum
1481 2432 1544 2473 hic
1573 2434 1696 2473 oritur
1725 2432 1775 2473 ad
1801 2433 1989 2475 kalendas
2019 2433 2198 2474 Octobris
2216 2435 2351 2482 ²⁰).—

223 2489 495 2541 Suspemlere‚
524 2491 662 2532 leviter
691 2503 814 2531 arare.
844 2511 899 2519 -—

351 2546 417 2584 Vs.
447 2543 512 2585 69.
570 2545 683 2598 Illic,
711 2547 750 2585 in
779 2551 884 2585 terra
912 2544 1004 2585 forti
1032 2549 1071 2586 et
1098 2544 1245 2598 pingui.
1308 2542 1527 2596 Officiant,
1558 2542 1701 2593 obsint,
1728 2548 1907 2584 noceant.
1938 2564 1994 2571 —

352 2599 418 2640 Vs.
447 2598 513 2640 70.
569 2600 666 2644 Hic,
697 2601 847 2641 intenui
876 2605 915 2640 et
942 2600 1162 2641 infecunda.
1183 2622 1237 2630 -
1256 2599 1322 2639 Ne
1350 2599 1512 2639 deserat
1542 2597 1685 2637 humor
1705 2610 1869 2637 arenam
1887 2601 1960 2650 ²1),
1989 2597 2117 2640 minus
2145 2595 2354 2639 fecundam

215 2660 363 2697 terram
391 2655 503 2707 aquis
529 2655 699 2709 inrigare
727 2656 845 2697 iubet.
875 2678 930 2684 —

358 2835 408 2876 96)
436 2833 539 2868 Cod.:
565 2838 732 2876 tepore.
788 2833 840 2875 97)
865 2833 966 2867 Cod.:
991 2844 1211 2869 crescens.
1266 2835 1315 2874 98)
1340 2832 1445 2868 Cod.:
1471 2844 1610 2878 pomo.
1664 2834 1716 2876 99)
1743 2833 1848 2883 Cod.:
1873 2833 2033 2868 Nunne.
2089 2833 2123 2876 1)
2148 2832 2250 2868 Cod.:
2277 2833 2355 2868 hac

226 2882 274 2915 si.
330 2882 363 2922 2)
389 2880 490 2914 Cod.:
515 2880 691 2913 scillae.
746 2879 780 2920 3)
806 2879 909 2913 Cous
933 2891 1077 2914 saaue.
1123 2882 1158 2923 4)
1184 2880 1285 2914 Cod.:
1313 2881 1511 2914 euboiae.
1558 2881 1592 2922 5)
1618 2879 1720 2914 Cod.:
1746 2880 1960 2913 Nunilius.
2017 2879 2052 2921 6)
2077 2879 2180 2914 Cod.:
2205 2879 2352 2914 helia-

226 2927 319 2960 dum
343 2926 456 2959 helis
479 2943 524 2951 -
549 2925 660 2959 belo.
706 2925 741 2966 ’1)
766 2925 867 2959 Cod.:
895 2925 996 2959 Nun.
1042 2926 1077 2967 8)
1102 2926 1202 2961 Cod.:
1227 2928 1464 2970 praetiosa.
1520 2926 1555 2968 9)
1581 2925 1686 2960 Cod.:
1711 2926 1953 2970 phisologi.
2010 2926 2061 2967 10)
2094 2925 2200 2961 Cod.:
2232 2925 2354 2959 dicit.

227 2973 276 3013 11)
302 2972 404 3006 Cod.:
429 2971 762 3005 habundabant.
809 2971 859 3012 12)
884 2971 986 3004 Cod.:
1013 2982 1107 3016 quo.
1156 2973 1205 3014 13)
1232 2972 1337 3006 Cod.:
1362 2972 1708 3016 pulverulzentia.
1755 2972 1803 3014 14)
1820 2970 1921 3005 Cod.:
1946 2970 2137 3005 subsunt.
2176 2971 2227 3013 15)
2251 2969 2354 3005 Cod.:

229 3017 504 3050 auttumnali.
552 3019 601 3059 16)
626 3017 710 3051 Cod.
732 3017 902 3050 suadet.
932 3017 980 3058 11)
1007 3017 1108 3051 Cod.:
1133 3023 1356 3053 arcturus.
1390 3018 1441 3059 18)
1466 3016 1565 3053 Cod.:
1587 3017 1641 3052 bo
1665 3023 1773 3052 otus.
1805 3017 1855 3059 19)
1880 3016 1981 3052 Cod.:
2006 3027 2145 3051 ursus.
2171 3017 2229 3059 ⁴2⁰)
2253 3016 2354 3052 Cod.:

229 3062 281 3096 ad
305 3061 331 3095 K
357 3063 576 3096 octimbri.
623 3064 675 3105 21)
702 3061 803 3097 Cod.:
829 3063 1077 3097 haraenam.
2068 3074 2070 3077 ·
