2430 3177
1120 105 1186 150 33

209 238 275 278 Vs.
306 234 398 279 313.
468 235 695 289 Viyilanda
724 235 762 275 id
791 240 851 275 est
871 233 1086 287 vigilanter
1114 236 1333 274 et'mature
1361 233 1550 276 facienda.
1590 233 1898 275 Iummnsdicit.
1958 233 2075 279 Ruit,
2097 248 2217 288 prae-

77 295 256 346 cipitatur
281 293 344 333 vel
371 293 588 334 intermisit.
617 315 670 321 —
701 288 956 340 lmbriferum
986 301 1067 333 ver,
1096 293 1226 330 utrum
1255 294 1486 342 perpetuum
1516 290 1619 330 veris
1651 295 1710 331 est
1738 290 1947 343 epitheton,
1979 302 2029 330 an
2057 291 2092 331 si
2119 291 2220 333 forte

75 347 316 389 imbriferum
343 347 475 388 fuerit.

204 403 271 442 Vs.
302 400 396 442 314.
459 401 616 453 Spicea
645 399 694 439 de
723 400 888 441 maturis
915 399 1094 453 frugibus
1127 399 1290 440 abusive
1320 399 1506 449 dicimus,
1546 411 1636 439 nam
1663 399 1820 452 proprie
1850 399 2006 452 spiceus
2038 405 2099 441 est
2128 402 2217 441 cum

76 458 174 509 [per]
204 456 421 497 folliculum
458 457 500 497 id
527 460 588 496 est
626 459 844 496 extremum
881 460 1075 495 tumorem
1115 455 1259 495 aristae
1289 454 1486 506 [eminent]
1505 454 1578 505 ⁴³).
1645 456 1903 494 Gaunmwms
1935 454 2040 496 dicit.
2072 479 2122 485 --
2152 454 2217 495 In-

74 511 254 555 horruit,
287 511 448 552 densata
479 516 550 551 est.
2090 521 2093 524 ’

206 567 274 606 Vs.
303 564 395 607 315.
454 564 699 612 Lactentia,
739 562 867 605 adhuc
900 564 1031 604 tenuia
1071 568 1110 603 et
1147 564 1259 604 lactis
1300 564 1426 617 plena.
1494 564 1618 605 Varro
1655 563 1694 603 in
1724 563 1822 604 libro
1857 564 2073 607 divinarum
2112 565 2216 617 dicit,

74 620 191 662 deum
221 632 312 660 esse
340 622 560 669 lactantem,
592 622 658 672 qui
689 632 734 660 se
761 617 929 658 infundit
958 619 1158 672 segetibus
1189 625 1227 660 et
1256 631 1323 660 eas
1352 619 1445 660 facit
1472 619 1701 658 lactescere.
1733 641 1786 647 -
1821 618 2007 670 stipula,
2037 621 2217 673 stipulam

72 688 143 729 pro
174 676 302 717 culmo
330 677 482 727 posuit,
523 675 671 716 scilicet
699 685 817 715 versu
847 674 961 713 tertio
994 674 1165 715 culmum
1196 673 1384 715 dicturus.
1441 672 1686 717 Lacterztz'a,
1725 674 1874 714 lactans
1915 675 1981 726 qui
2006 675 2067 716 lac
2095 688 2216 728 prae-

71 731 142 772 bet
157 733 230 779 ⁴⁴),
260 730 407 770 lactens
437 731 501 770 cui
531 731 750 781 praebetur.
816 726 1014 780 Turyeut,
1043 729 1250 781 inplentur.

209 784 276 824 Vs.
307 783 401 826 317.
465 784 721 837 Strirrgyeret,
755 784 1020 837 destringeret
1039 787 1094 832 ⁴⁵)
1127 789 1166 825 et
1195 788 1382 835 meteret,
1414 789 1457 825 ut
1488 784 1553 824 ubi
1582 783 1730 822 densas
1762 783 1977 835 ayricolae
2008 786 2217 838 sti-inquiet

94 839 256 878 rondes.

69 840 99 890 f
204 895 271 934 Vs.
302 892 396 935 318.
461 893 610 933 omnia
636 906 706 946 pro
737 895 923 934 omnium.
1629 922 1632 925 -

206 949 275 989 Vs.
306 947 400 991 320.
462 947 682 987 Sublimem
711 961 782 1002 pro
812 950 989 990 sublime.
1020 973 1073 978 -—
1110 947 1289 987 Turbine
1318 949 1458 1000 uiyro,
1486 953 1718 1002 tempestate
1746 948 1876 989 noxia.
2218 988 2224 992 ,

206 1005 273 1044 Vs.
303 1002 397 1045 321.
456 1003 631 1056 Ferret,
663 1004 835 1044 auferret
853 1008 934 1054 ⁴⁶),
965 1005 1109 1058 agitet3
1142 1003 1279 1048 hiems,
1310 1004 1478 1044 hiemem
1506 1017 1577 1058 pro
1606 1009 1836 1057 tempestate
1865 1003 2007 1057 posuit.
2039 1026 2091 1032 —-
2126 1002 2218 1043 Cul-

77 1071 193 1104 mum,
225 1059 378 1112 stipula,
411 1060 586 1111 stipulas,
621 1059 725 1099 folia.

207 1115 272 1154 Vs.
301 1113 395 1155 322.
454 1113 677 1165 Amastrum,
707 1114 936 1166 pluviarum.

208 1169 275 1209 Vs.
305 1167 398 1210 323.
456 1168 516 1207 Et
543 1169 727 1220 foedam,
758 1170 905 1221 passim
936 1168 985 1208 de
1015 1181 1062 1209 ea
1086 1167 1215 1209 foeda.
1701 1219 1706 1222 Δ

207 1225 271 1264 Vs.
306 1222 400 1265 324.
460 1223 534 1262 Ea:
565 1223 667 1268 alto,
698 1239 720 1266 a
749 1224 1041 1277 septemtrione,
1074 1236 1124 1263 ex
1149 1224 1333 1276 aquilone
1363 1224 1428 1276 qui
1458 1224 1558 1265 altus
1590 1229 1628 1264 et
1656 1223 1750 1264 facit
1778 1229 2031 1277 tempestates
2060 1225 2219 1278 gravis-

75 1279 209 1331 simas,
241 1281 330 1331 quia
361 1285 493 1321 auster
520 1279 690 1320 humilis.
749 1281 1008 1319 GAUnENTms
1038 1279 1140 1320 dicit.
1161 1301 1216 1307 —
1248 1278 1357 1318 Ruit
1387 1279 1540 1317 arduus
1571 1279 1724 1324 aether,
1756 1293 1845 1321 cum
1874 1281 2020 1332 impetu
2047 1280 2152 1320 venti
2182 1286 2221 1321 et

78 1335 237 1376 tonitrui
267 1336 384 1374 venit.

76 1444 103 1484 ss
159 1444 167 1453 ι
209 1390 275 1429 Vs.
307 1387 398 1430 326.
457 1387 624 1434 Diluit,
655 1388 796 1443 diligit,
828 1389 1018 1430 dissolvit.
1060 1411 1112 1417 —
1148 1386 1211 1427 Et
1241 1401 1341 1427 cava
1362 1388 1533 1440 flumina
1563 1393 1772 1433 crescunt,
1812 1389 1862 1429 ad
1899 1389 2054 1429 alveum
2090 1389 2223 1429 retulit

107 1456 297 1485 uviorum.

212 1500 278 1539 Vs.
309 1497 403 1540 327.
462 1498 503 1536 F
504 1501 604 1538 retis
634 1498 904 1551 spirantibus,
934 1498 1139 1550 reciproco
1169 1498 1332 1551 spiritui.

208 1555 276 1594 Vs.
305 1552 397 1595 328.
459 1553 554 1605 Ipse
582 1560 727 1606 pater,
767 1554 956 1606 Iuppiter,
998 1558 1108 1606 pater
1142 1566 1220 1593 non
1250 1552 1397 1594 addidit
1426 1564 1606 1605 quorum.
1637 1575 1691 1583 —
1720 1551 1869 1591 Media
1897 1551 2143 1597 nimborum,
2172 1565 2223 1594 ne

79 1609 265 1662 temporis
304 1622 394 1649 esse
433 1609 595 1651 fulmina
633 1609 883 1650 crederemus
923 1613 961 1648 et
996 1620 1075 1651 non
1111 1608 1326 1649 subitarum
1363 1613 1651 1660 tempestatum.
1720 1607 1770 1646 In
1798 1611 1921 1645 nocte
1951 1619 2021 1660 pro
2051 1608 2223 1648 tenebris

79 1665 141 1705 vel
167 1668 402 1717 tempestate
429 1666 571 1717 posuit.
635 1663 831 1712 Corusca,
861 1668 1039 1715 correpte
1067 1667 1110 1703 ut
1138 1663 1284 1703 ultima.

213 1720 279 1758 Vs.
310 1717 403 1760 329.
464 1718 683 1771 Fulmina,
718 1731 839 1759 unum
865 1717 1014 1758 fulmen
1043 1722 1129 1767 est,
1160 1717 1266 1770 quod
1297 1717 1468 1767 colorat,
1500 1717 1606 1759 aliud
1636 1717 1742 1770 quod
1771 1717 1954 1768 incendit,
1986 1717 2091 1759 aliud
2120 1719 2225 1770 quod

79 1773 283 1828 transfigit,
315 1772 419 1814 aliud
449 1774 569 1825 [quod
599 1774 730 1826 adflat]
750 1774 808 1824 ⁴⁷)
839 1786 892 1811 ea:
922 1786 1003 1824 quo
1034 1785 1094 1811 me
1123 1772 1259 1811 dicum
1283 1776 1340 1820 ⁴⁸)
1366 1777 1492 1823 pater
1521 1777 1645 1825 atque
1675 1772 1879 1822 hominum
1906 1785 1984 1811 rex
2002 1775 2060 1822 ⁴¹⁹)
2098 1772 2225 1825 adfla-

82 1833 197 1868 verat
217 1831 265 1876 ²³).
296 1853 345 1858 —
378 1828 572 1873 Molz'tur,
603 1830 703 1869 bene
732 1829 903 1879 molitur,
934 1832 978 1867 ut
1005 1828 1182 1868 videatur
1212 1833 1361 1868 terrere
1372 1841 1384 1877 3
1413 1828 1606 1871 maxima,
1636 1832 1730 1868 tota.

212 1885 280 1924 Vs.
310 1882 403 1925 330.
469 1882 596 1923 Terra
626 1885 772 1928 tremit,
804 1885 988 1935 quatitur,
1020 1888 1211 1923 movetur.
1242 1903 1296 1912 —
1325 1882 1489 1934 Fugyere
1514 1883 1643 1933 ferae,
1674 1885 1819 1934 passim
1849 1882 2141 1935 disperguntur.

212 1939 280 1990 Vs.
311 1937 405 1980 331.
464 1937 549 1977 Per
576 1944 720 1991 yentes
748 1937 932 1985 humiles,
960 1937 1127 1977 humiles
1157 1937 1261 1977 facit.
1293 1961 1344 1966 —-
1376 1936 1558 1975 Humilis
1584 1950 1733 1988 pavor,
1761 1937 1867 1990 quod
1895 1938 2063 1978 humiles
2092 1937 2195 1980 facit.

213 1995 279 2034 Vs.
309 1992 403 2035 332.
464 1993 616 2034 Athon.
675 1994 806 2034 Potest
837 1992 1013 2032 adfectus
1044 1992 1141 2032 ordo
1171 1992 1295 2032 videri
1325 1996 1529 2032 crescente
1558 1997 1721 2032 numero
1741 1993 1980 2044 syllabarum
2009 2005 2081 2046 per
2110 1999 2224 2035 aucta

83 2051 270 2091 montium
291 2051 349 2100 ⁵⁰)
380 2050 557 2100 nomina,
598 2049 703 2101 quod
732 2059 858 2102 genus
896 2052 934 2087 et
961 2046 1063 2099 apud
1092 2047 1305 2087 Homerum
1343 2046 1535 2087 industrie
1562 2046 1708 2088 factum
1737 2049 1954 2098 invenitur,
1995 2060 2084 2088 cum
2123 2048 2225 2088 idern

83 2116 223 2146 versus
253 2105 300 2144 ab
332 2116 408 2143 una
437 2105 587 2156 syllaba
615 2105 749 2156 incipit
778 2104 844 2154 [et]
876 2114 1004 2154 usque
1032 2102 1082 2141 ad
1111 2103 1284 2154 quinque
1313 2100 1496 2142 decurrit.
1554 2105 1736 2141 lemnius
1766 2102 1870 2143 dicit.
1890 2126 1943 2132 —-
1972 2101 2059 2141 Aut
2083 2101 2227 2142 Athon

83 2164 156 2199 aut
187 2158 439 2210 Rhodopen,
469 2165 621 2199 montes
651 2159 840 2199 Thraciae
870 2158 970 2206 du03
1006 2154 1211 2195 Ceraunia
1240 2168 1352 2197 mons
1378 2157 1483 2209 Epiri
1510 2157 1617 2198 iuxta
1646 2157 1876 2198 Amaticam.

216 2215 283 2255 Vs.
315 2212 407 2257 333.
467 2211 634 2265 Deicit,
672 2213 783 2263 ferit,
813 2213 993 2267 percutit,
1023 2216 1195 2253 resonat.
1225 2235 1273 2241 —
1307 2210 1568 2264 Inyeminant
1598 2213 1755 2264 austri,
1783 2217 1873 2266 post
1900 2212 2002 2253 enim
2029 2211 2224 2264 ful[mina]

84 2275 225 2312 ventus
244 2273 300 2318 ⁵¹)
333 2275 372 2309 et
400 2270 529 2322 pluvia
557 2270 596 2308 in
626 2269 820 2309 montibus
850 2267 957 2308 fiunt.

216 2326 284 2365 VS.
314 2323 408 2366 334.
470 2322 701 2376 Plcmyunt,
732 2323 1017 2376 percutiuntur.

218 2381 284 2420 Vs.
315 2378 409 2421 335.
473 2377 591 2417 Caeli
621 2391 798 2430 menses,
827 2377 1033 2418 duodecim
1063 2378 1198 2430 signa,
1228 2376 1368 2428 quibus
1401 2387 1558 2417 menses
1588 2379 1873 2430 agnoscuntur.
1934 2375 2109 2424 Sidera,
2137 2377 2226 2429 pla-

85 2441 210 2478 netas.
241 2458 293 2465 -
328 2433 444 2474 Caeli
474 2446 640 2478 menses,
670 2434 782 2486 quasi
811 2433 909 2474 caeli
938 2438 1067 2473 motus
1099 2436 1137 2472 et
1166 2443 1318 2472 cursus.
1375 2434 1556 2472 luximus
1587 2431 1690 2472 dicit.
1753 2429 1894 2475 Serva,
1924 2432 2092 2483 custodi,
2125 2437 2226 2484 tene,

84 2492 216 2533 intelle
246 2503 281 2531 e.
309 2512 364 2520 --
983 2496 985 2498 ·

217 2505 286 2588 {fs
317 2543 411 2588 336.
471 2543 664 2596 Friyida,
694 2543 833 2585 nociva
863 2547 902 2583 et
932 2543 1136 2583 contraria.
1194 2539 1388 2593 Frigida,
1419 2542 1514 2581 satis
1544 2541 1745 2594 cognitum
1776 2546 1860 2591 est,
1892 2541 2049 2582 Saturni
2078 2542 2227 2583 stellam

88 2601 267 2656 frigidam
297 2612 386 2641 esse
416 2605 454 2641 et
482 2600 570 2640 ideo
600 2598 704 2651 apud
732 2598 898 2639 Iudaeos
929 2597 1084 2640 Saturni
1114 2596 1176 2636 die
1203 2595 1367 2650 frigidos
1397 2596 1506 2638 cibos
1537 2608 1638 2636 esse.
1689 2595 1780 2641 Quo
1809 2595 1934 2635 stella
1961 2596 2143 2637 Mercurii
2158 2600 2226 2645 ⁵²).

91 2685 141 2691 .-
174 2655 366 2708 Ρτίῃίιῖα,
395 2655 576 2709 frigidam
608 2654 753 2703 dicunt,
785 2653 891 2706 quod
920 2654 971 2693 sit
999 2650 1186 2707 glacialis,
1216 2651 1380 2704 pestilis,
1411 2651 1663 2705 grandinosa,
1694 2656 1820 2703 atrox,
1851 2652 2128 2704 permotabilis.

219 2712 287 2751 Vs.
317 2707 411 2752 337.
472 2709 584 2754 Quos
614 2709 725 2761 tynis
745 2709 804 2760 ⁵³)
835 2713 873 2749 et
901 2709 1051 2761 reliqua
1078 2718 1167 2761 pars
1197 2706 1394 2756 Mercurii,
1421 2719 1510 2760 pars
1540 2707 1745 2760 Apollinis.
1777 2729 1830 2736 -—
1866 2704 2089 2760 Cyllenius,
2118 2706 2226 2748 Mer-

90 2767 236 2817 curius,
267 2766 358 2818 quia
386 2766 423 2805 in
455 2765 617 2817 Cylleno
645 2769 779 2805 monte
808 2763 1001 2805 Arcadiae
1029 2767 1143 2804 natus
1176 2773 1266 2802 esse
1294 2760 1511 2803 Mercurius
1541 2761 1692 2803 dicitur.
1741 2763 2012 2802 ‘channam-ms
2041 2760 2144 2801 dicit.

181 2958 231 2999 43)
258 2957 357 2989 Voce.
384 2958 415 2988 in
441 2954 624 2998 parenthesi
650 2956 751 2997 posita
780 2953 897 2986 desunt
921 2954 951 2985 in
979 2953 1105 2985 codice.
1155 2951 1205 2991 Η)
1230 2951 1345 2984 lacte
1372 2955 1586 2994 prerupet.
1635 2949 1685 2990 45)
1712 2943 2028 2992 distringeret.
2076 2950 2126 2989 ⁴⁶)
2152 2960 2228 2981 an-

89 3006 212 3038 feret.
260 3005 310 3044 41)
337 3001 458 3034 Desunt
487 3001 516 3032 in
542 2999 617 3032 cod.
665 3000 716 3040 451⁴)
743 2999 924 3031 medium
950 3003 1094 3040 pater.
1151 2997 1201 3038 ι19)
1226 3007 1350 3029 erum.
1407 2996 1441 3036 *)
1468 2995 1518 3029 Cf.
1544 2995 1680 3028 Aeneid.
1710 2994 1747 3035 il,
1771 2992 1848 3026 648.
1905 2994 1956 3035 50)
1990 3004 2061 3037 per
2086 3006 2170 3028 aur,
2196 2997 2227 3028 jo

90 3051 276 3085 moncifi.
323 3053 373 3084 51)
401 3048 507 3080 enini
534 3045 771 3077 fuluentus.
821 3045 872 3082 52]
899 3044 1073 3076 stellam
1102 3044 1321 3075 mercurii.
1371 3042 1421 3081 53)
1453 3051 1532 3084 quo
1557 3042 1711 3081 signis.

1939 3096 1964 3135 ὁ
