2430 3177
1190 127 1257 176 28

1094 197 1358 213 mss-..a

289 265 355 304 Vs.
385 262 449 305 56.
514 262 750 305 Candidus,
780 261 954 315 pulcher.
1012 259 1239 305 Immotum,
1270 267 1336 303 aut
1365 260 1438 302 sibi
1468 265 1535 301 aut
1561 261 1783 302 hominibus
1812 263 1911 304 coeli
1938 263 2051 303 viam.
2081 285 2136 292 --
2163 261 2307 302 Limen

164 319 342 374 Olympi,
374 321 526 359 ianuam
558 318 669 367 coeli,
699 317 763 357 vel
791 317 908 356 limen
936 328 1006 369 pro
1036 318 1179 370 templo
1205 318 1348 370 posuit.

289 375 355 414 Vs.
387 373 450 413 57.
508 372 716 422 Daphnis,
748 371 881 411 Iulius.

287 430 352 468 Vs.
385 427 449 469 58,
508 426 694 473 Alacres7
724 427 808 466 sine
838 427 1074 466 laceratione
1103 427 1304 467 iucundas.
1326 449 1378 456 -
1400 425 1459 464 Et
1492 431 1629 473 cetera
1647 439 1744 464 rura
1763 425 1971 477 voluptas,
2003 427 2161 467 adiuvat
2181 427 2305 468 caelo.

287 485 354 523 Vs.
387 481 452 523 59.
510 480 710 533 Panaque
738 487 1010 534 pastoresque
1041 486 1149 520 tenet
1166 496 1179 527 ‚-
1210 486 1333 525 tenct,
1366 481 1545 531 delectat,
1578 487 1619 521 ut
1648 493 1720 522 nos
1751 482 1866 522 lectio
1889 486 2069 522 tenet.—-
2093 480 2305 535 Dryadas,

156 538 347 592 nymphas
376 540 478 578 inter
507 537 667 577 arbores
698 537 930 577 habitantes.
965 560 1015 565 --
1045 535 1256 589 Dryadas,
1287 537 1478 589 nymphas
1509 541 1699 589 agrestes.

288 594 353 632 Vs.
384 591 449 633 60.
508 591 598 630 Noc
626 591 748 642 lupus
780 592 966 630 insidias.
1026 592 1175 634 Sensus
1206 598 1286 632 est:
1327 593 1455 632 omnia
1485 590 1586 632 bona
1627 596 1720 631 sunt
1760 590 1951 632 adiutorio
1981 591 2077 632 eius.
2118 615 2172 621 —
2215 589 2307 629 Nec

157 648 279 700 lupus
310 648 497 687 insidias.
523 689 528 694 ,
559 648 814 688 Securitatem
846 647 948 688 dicit.

286 704 352 742 Vs.
385 701 448 743 61.
508 702 784 746 Meditcmtur,
816 709 1059 755 praeparant.
1122 702 1237 752 Otia,
1267 703 1438 756 pacifica.

288 759 353 798 Vs.
387 756 450 798 62.
511 757 619 809 Ipsi,
658 757 696 798 id
727 762 786 797 est
814 757 1033 808 Menalcae3
1069 758 1253 812 intellege
1283 758 1383 798 hanc
1413 770 1552 798 vocem
1583 756 1703 797 colles
1735 761 1772 797 et
1801 756 1917 797 silvas
1949 755 2105 796 dedisse
2133 767 2306 809 respon-

156 813 304 855 dentes.
344 836 396 842 —
428 811 612 860 lactant,
642 812 813 852 laudant.
1011 854 1013 856 ,

286 869 352 908 Vs.
382 866 446 909 63.
507 867 670 906 Intonsi
706 872 882 911 montes,
925 868 1189 920 metaphorice
1223 868 1376 918 intacti,
1417 867 1615 917 umbrosi,
1638 869 1695 915 ²⁰)
1735 865 1956 916 nemorosi,
1993 865 2309 918 silvestres,'vel

157 929 310 966 montes
340 935 410 975 pro
440 923 734 963 habitatoribus.

287 979 354 1018 Vs.
385 976 450 1018 64.
511 977 646 1021 Deus,
677 977 777 1015 deus
808 977 903 1021 illc,
937 976 1144 1015 Menalca.
1203 977 1246 1017 Id
1273 982 1354 1027 est,
1386 979 1555 1018 cantanti
1585 977 1784 1016 Menalcae
1813 981 1964 1015 montes
1995 979 2034 1014 et
2061 976 2182 1015 silvae
2209 975 2309 1016 haec

155 1033 456 1086 respondebant.
516 1032 617 1077 Ille,
648 1032 821 1085 Daphnis
852 1033 1012 1073 scilicet.
1040 1055 1094 1061 —
1125 1030 1261 1076 Deus,
1293 1032 1391 1070 deus
1423 1031 1496 1070 ille
1529 1031 1734 1070 Menalca.
1793 1031 1865 1070 Hic
1894 1031 2071 1083 quaestio
2101 1031 2148 1070 ab
2176 1033 2307 1082 impe-

155 1089 237 1128 ritis
277 1088 437 1141 Virgilio
478 1088 665 1137 obicitur,
707 1089 772 1137 qui
809 1088 994 1126 confundi
1028 1098 1217 1139 personas
1240 1091 1295 1136 ²¹)
1337 1102 1358 1128 a
1397 1092 1513 1138 poeta
1547 1087 1792 1126 arbitrantur.
1865 1086 1974 1126 Duos
2018 1086 2120 1125 enim
2160 1085 2309 1125 inducit

156 1148 334 1195 pastores
362 1144 402 1182 in
433 1142 619 1194 principio
656 1142 773 1180 huius
802 1141 964 1193 eclogae
1002 1143 1172 1180 alternos
1193 1145 1248 1189 22)
1287 1146 1509 1189 cantantes,
1541 1141 1719 1193 Mopsum
1752 1146 1790 1179 et
1818 1141 2055 1191 Menalcam,
2087 1139 2191 1180 unde
2220 1152 2309 1180 cum

154 1199 333 1251 Mopsum
364 1197 494 1237 dicere
524 1196 667 1246 debuit,
698 1196 934 1245 Menalcam,
952 1197 1008 1243 ²3)
1041 1207 1155 1236 suum
1183 1207 1347 1244 nomen,
1378 1195 1494 1243 (lixit;
1533 1195 1603 1234 sed
1633 1196 1697 1246 qui
1727 1194 1950 1247 diligentius
1981 1207 2141 1234 sensum
2168 1195 2308 1236 horum

155 1265 341 1293 versuum
381 1251 616 1300 adtenderit,
656 1252 729 1302 ipsi
768 1251 912 1290 laetitia
943 1261 1061 1290 voces
1083 1253 1139 1297 ²⁴)
1182 1250 1404 1302 intelleget,
1447 1249 1550 1288 hanc
1578 1260 1715 1288 vocem
1746 1250 1867 1288 colles
1918 1255 1956 1289 et
1993 1249 2112 1290 silvas
2151 1249 2309 1290 dedisse

155 1307 439 1359 respondentes
469 1306 667 1346 Menalcae
696 1306 886 1345 cantanti:
917 1305 1044 1354 Deus,
1077 1304 1173 1344 (10115
1203 1305 1288 1354 1110,
1320 1304 1507 1343 Menalca.
1566 1315 1749 1342 nmmos
1779 1303 1882 1342 dicit.

286 1362 351 1401 Vs.
381 1359 445 1401 65.
507 1360 577 1398 Sis
608 1359 759 1404 bonus,
797 1360 836 1399 id
868 1365 926 1400 051
956 1360 1168 1413 propitius,
1207 1364 1250 1398 ut
1277 1359 1329 1399 ibi
1368 1358 1469 1399 adsit
1502 1359 1671 1398 laetitiae
1711 1362 1749 1397 ct
1778 1357 1956 1398 Bacchus
1987 1357 2100 1399 dator
2139 1362 2177 1399 et
2203 1357 2308 1399 110110

154 1419 257 1457 11110.
277 1419 332 1465 ²⁵)
392 1415 598 1468 Feliatque
631 1416 724 1460 tuis,
757 1425 857 1466 quos
889 1420 1048 1467 opertus
1078 1419 1340 1466 occupaverat
1370 1425 1532 1453 memor.
1565 1435 1619 1442 -—
1649 1411 1800 1458 Folia-,-
1839 1412 2005 1453 feliciter
2033 1424 2150 1454 usus:
2191 1417 2307 1466 quat-

157 1477 251 1510 tuor
282 1485 386 1514 ara-s,
418 1484 508 1511 arae
539 1472 639 1510 onim
670 1470 891 1510 hominibus
922 1475 1132 1521 ponuntur,
1164 1470 1235 1509 diis
1267 1470 1413 1510 altaria.

288 1527 355 1566 Vs.
385 1524 450 1566 66.
508 1525 625 1564 Duas
660 1524 738 1564 ciba·
766 1523 954 1575 Daphni.
1017 1525 1179 1576 Semper
1207 1525 1331 1576 impar
1360 1535 1548 1564 numerus
1579 1522 1628 1563 ad
1657 1534 1823 1574 superos
1854 1524 2040 1575 pertinet3
2078 1536 2148 1576 par
2176 1528 2308 1565 autem

157 1581 206 1622 ad
235 1581 395 1631 inseres,
425 1583 509 1622 sive
540 1586 716 1621 mortuos
746 1580 937 1620 homines.
969 1602 1021 1608 —
1052 1577 1241 1622 Phoebo,
1273 1580 1296 1618 i.
1319 1591 1351 1617 e.
1382 1580 1439 1619 sic
1467 1579 1546 1628 tibi,
1576 1583 1618 1618 ut
1645 1578 1814 1627 Phoebo,
1846 1583 1937 1618 vota
1965 1578 2149 1619 feremus.

288 1637 353 1675 Vs.
385 1634 450 1677 67.
520 1636 712 1686 Υἱηαβθ)
743 1647 813 1687 pro
844 1635 967 1683 vinea,
1001 1634 1063 1673 vel
1081 1635 1170 1674 vina
1194 1646 1265 1685 pro
1286 1634 1388 1673 bina.
1432 1632 1569 1681 Novo,
1598 1634 1746 1672 recenti
1776 1633 1877 1674 lacte
1887 1646 1897 1682 3
1930 1634 2020 1684 quia
2039 1639 2077 1673 et
2096 1635 2304 1683 caseus²⁷)

158 1692 218 1732 lac
249 1691 401 1741 (11011111,
431 1690 520 1731 11100
551 1691 646 1729 (lixit
674 1702 777 1729 novo
808 1689 868 1728 vel
896 1689 1055 1728 recenti.

287 1747 353 1786 Vs.
387 1744 451 1787 68.
516 1743 787 1796 Crateras-que
817 1744 945 1788 duos,
983 1743 1022 1783 id
1053 1748 1113 1783 est
1143 1743 1220 1783 duo
1250 1743 1431 1783 sextaria.
1492 1742 1684 1790 Quoniam
1715 1742 1812 1781 duas
1843 1753 1931 1783 aras
1960 1749 2187 1795 consecrat,
2219 1744 2306 1785 ele-

154 1805 295 1855 ganter
323 1801 509 1850 adiunxit,
527 1800 625 1839 duos
656 1806 841 1839 crateras.
899 1811 1081 1838 nmmos
1112 1798 1214 1838 dicit.
1246 1821 1297 1827 —
1335 1797 1395 1837 Fit
1425 1802 1553 1837 crater
1592 1803 1630 1838 et
1659 1801 1820 1838 cratera.
1848 1820 1904 1826 —
1940 1796 2075 1843 Οἰὶυἰ,
2116 1811 2186 1852 pro
2217 1799 2307 1851 olei,

155 1859 245 1909 quia
274 1859 421 1897 tantum
451 1856 648 1895 Minervae
678 1855 808 1895 oleum
837 1859 1103 1895 consecratur.

284 1912 350 1951 VS.
382 1909 447 1952 69.
507 1908 710 1954 Baccho,
741 1911 845 1950 vino.

288 1967 353 2006 Vs.
384 1965 449 2007 70.
512 1964 561 2003 Si
587 1966 724 2017 friyus
756 1966 849 2009 erit,
880 1965 914 2004 si
942 1964 1092 2016 hiemps
1122 1962 1250 2004 fuerit.
1314 1963 1363 2001 Si
1392 1964 1544 2015 messis,
1576 1964 1609 2003 si
1639 1968 1780 2004 aestas.

289 2023 355 2061 Vs.
385 2020 449 2062 71.
508 2019 687 2065 Novum,
732 2032 929 2073 magnum.
1006 2017 1217 2063 calathis,
1260 2019 1458 2060 calicibus.
1534 2017 1746 2063 calathis,
1783 2029 1909 2072 genus
1946 2018 2095 2071 poculi,
2133 2017 2210 2060 hoc
2247 2022 2309 2059 est

157 2078 294 2131 phialis
315 2079 372 2125 28)
403 2077 442 2116 111
471 2081 681 2129 angustum
712 2087 867 2116 sursum
898 2075 1081 2115 collectis.
1150 2071 1330 2112 Ariusia.
1390 2075 1587 2115 Ariusium
1628 2075 1759 2113 vinum
1791 2073 1928 2114 Chium
1950 2077 2006 2122 ²⁹)
2037 2073 2230 2127 significat
2259 2086 2310 2114 ex

158 2134 338 2182 Graecia,
379 2131 483 2183 quod
523 2136 581 2170 est
619 2131 819 2182 optimum.
885 2128 1065 2172 Nectar,
1103 2128 1269 2170 dulcedo
1309 2130 1475 2183 saporis.
1514 2152 1567 2157 ——
1605 2125 1796 2172 Ariusia,
1837 2128 2020 2181 oppidum
2051 2128 2205 2178 Italiae,
2242 2128 2310 2169 ubi

156 2189 338 2229 Picenum
367 2188 498 2226 vinum
528 2187 700 2227 nascitur
711 2198 721 2234 3
752 2185 813 2225 vel
842 2185 931 2225 vina
950 2184 1118 2234 Ariusia,
1151 2197 1251 2236 quae
1282 2190 1373 2226 sunt
1402 2196 1545 2224 novum
1565 2189 1710 2233 nectar,
1742 2184 1804 2223 vel
1822 2183 1978 2223 Ariusia
1998 2184 2310 2235 promontorium

158 2249 218 2282 cst
248 2243 330 2282 Chii
360 2242 523 2291 insulae,
555 2241 617 2281 vel
645 2240 801 2280 Ariusia
830 2240 1011 2279 Lesbium
1042 2240 1187 2290 vinum,
1219 2240 1285 2279 ubi
1315 2244 1450 2293 portus
1480 2238 1661 2279 Ariusius
1691 2239 1730 2277 in
1759 2239 1885 2279 insula
1903 2238 2030 2278 Lesbo
2061 2243 2134 2289 est,
2164 2239 2227 2279 vel
2255 2239 2307 2291 [0]

160 2298 253 2338 Chio
284 2302 427 2346 monte,
459 2298 525 2348 qui
555 2301 614 2335 est
643 2296 680 2335 in
711 2295 836 2335 insula
867 2294 974 2334 Chio.

289 2352 354 2391 Vs.
385 2350 448 2392 72,
509 2349 754 2394 Damoetas,
795 2350 1004 2403 allegorice
1031 2349 1227 2401 Virgilius.
1288 2345 1462 2400 Aegyon,
1493 2348 1703 2401 allegorice
1731 2347 1864 2389 Pollio.
1894 2369 1949 2377 -—
1978 2345 2172 2401 Lyctius,
2205 2348 2308 2390 Cre-

158 2407 294 2456 tensis,
326 2418 348 2445 a
378 2406 507 2457 Lycta,
539 2406 637 2445 urbe
668 2404 816 2445 Cretae.
879 2417 1061 2444 lenimus
1093 2404 1195 2444 dicit.

286 2472 352 2510 Vs.
383 2469 449 2511 73.
511 2470 736 2514 saltantes,
769 2470 817 2510 ad
848 2469 1099 2511 mobilitatem
1130 2470 1306 2521 corporis
1337 2469 1514 2521 pertinet.
1545 2492 1597 2498 —
1644 2468 1832 2519 Satyros,
1864 2481 2009 2520 pueros
2038 2470 2101 2510 vel
2129 2469 2309 2510 homines

158 2528 371 2567 silvestres.
428 2527 575 2567 Sensus
607 2532 686 2566 cst:
718 2526 781 2567 Sic
810 2525 899 2565 lacti
929 2527 1064 2577 sicque
1094 2525 1279 2565 saltantes
1310 2526 1476 2574 011111115,
1509 2525 1619 2576 quasi
1649 2525 1771 2576 satyri
1801 2525 1934 2563 simus.
1992 2523 2307 2575 Alphesiboeus,

158 2582 313 2634 quidam
347 2585 502 2634 pastor,
545 2581 606 2619 vel
634 2581 841 2634 allegorice
871 2579 1073 2620 Cornelius
1107 2579 1238 2619 Gallus
1249 2592 1261 2629 3
1294 2591 1409 2631 quem
1449 2579 1649 2619 invenisse
1684 2579 1805 2619 boves
1845 2578 2058 2633 significat,
2106 2592 2194 2620 eum
2235 2579 2308 2620 sibi

160 2637 382 2677 restituisse
409 2647 559 2689 agrum.

290 2691 357 2729 Vs.
386 2689 451 2730 74.
512 2689 723 2727 Solemnia
753 2689 853 2729 dona
884 2695 986 2740 sunt,
1018 2701 1119 2741 quae
1149 2690 1264 2729 certis
1290 2688 1426 2728 diebus
1448 2688 1706 2729 celebrantur.
1730 2711 1783 2719 —-
1808 2688 2018 2727 solemnia
2047 2694 2158 2734 vota,
2188 2690 2307 2730 anni-

159 2746 333 2787 versaria
361 2757 473 2785 sacra
512 2746 628 2785 certis
659 2743 795 2784 dicbus
835 2745 1081 2785 celebrantur
1119 2749 1280 2797 propter
1316 2744 1429 2784 setas.
1488 2741 1707 2785 Coenarum
1744 2750 1872 2785 autem
1909 2756 2056 2798 genera
2094 2746 2166 2786 tria
2201 2749 2305 2796 sunt,

291 2946 343 2987 20)
370 2945 481 2978 Codex
506 2944 620 2976 hahet:
646 2944 831 2975 umbros.
889 2943 940 2984 21)
967 2942 1069 2976 Cod.:
1097 2954 1343 2986 personam.
1402 2943 1454 2985 22)
1482 2944 1584 2977 Cod.:
1611 2945 1817 2977 alterius.
1873 2945 1923 2986 23)
1952 2942 2054 2976 Cod.:
2078 2942 2249 2986 Mopsus
2275 2950 2308 2976 et

164 2992 367 3024 Menalca.
413 2992 464 3032 2⁴)
491 2990 639 3023 Voluitne
662 2989 822 3022 sciiherc:
848 2990 941 3031 ipsa
968 2989 1144 3022 laetitia
1170 2989 1321 3023 vocis?
1368 2990 1420 3030 25)
1446 2988 1548 3022 Cod.:
1575 2992 1683 3023 vino.
1740 2991 1791 3031 26)
1814 2990 1866 3022 Sic
1891 2991 1985 3023 etiam
2009 2990 2039 3020 in
2066 2998 2160 3020 versu
2185 2988 2306 3033 Virgilii

164 3048 182 3071 a
216 3048 311 3069 manu
344 3038 442 3079 prima
475 3038 648 3078 scriptum,
682 3035 739 3067 sed
775 3046 792 3067 a
826 3046 923 3067 manu
956 3037 1076 3068 recenti
1107 3042 1262 3068 mutatum
1296 3037 1327 3068 in
1359 3035 1470 3068 bina.
1527 3036 1577 3078 27)
1605 3035 1706 3069 Cod.:
1735 3045 1904 3069 caseos.
1956 3034 2007 3076 ²8)
2034 3032 2141 3066 Cod.:
2163 3033 2305 3068 fialas.

165 3083 215 3123 29)
240 3082 346 3116 Cod.:
372 3082 568 3114 Ariusium
594 3083 733 3115 vinum
761 3083 883 3114 01011.
