2430 3177
649 79 671 89 ρ

1235 85 1300 133 30

1136 153 1398 167 xps&

323 218 354 257 V
364 229 396 257 ε.
426 215 519 258 421.
543 239 545 241 -
580 214 819 267 Deprensis,
842 214 1161 267 periclitantibus.
1186 237 1239 244 —
1264 212 1375 252 Olim
1394 226 1464 267 pro
1482 214 1715 267 aliquand03
1737 215 1829 255 olim
1849 215 1921 257 tria
1940 219 2118 269 tempora
2147 215 2331 257 continet.

324 273 394 312 Vs.
425 271 517 312 422.
583 270 733 314 Obice,
766 270 999 310 obiectione.

327 328 393 367 Vs,
424 324 518 367 423.
577 323 784 368 Iuvenem,
824 325 1058 365 Aristaeum.
1116 323 1203 363 Hic
1243 325 1423 362 iuvenem
1461 325 1506 362 in
1536 323 1709 364 latebris
1739 328 1777 363 et
1806 325 1912 376 reliq.
1944 324 2141 376 quomodo
2169 324 2336 368 Proteus,

195 383 280 422 aliis
312 381 498 434 praedicit
526 380 679 429 futura,
711 392 799 418 curn
830 391 901 419 sua
930 380 1148 431 praesentia
1179 379 1431 432 ignoret¹⁰)?
1471 380 1591 420 Stoici
1621 380 1765 429 dicunt,
1797 379 1902 432 quod
1931 391 2009 419 non
2038 380 2130 420 licet
2158 379 2231 420 diis
2260 391 2363 420 sua-

196 442 287 477 ante
316 437 429 476 scire.
461 457 515 464 —
543 431 738 472 Aversum
768 433 942 481 lumine,
972 434 1142 486 paullum
1174 435 1374 485 obliquum
1404 446 1426 473 a
1456 435 1612 475 lumine.

327 492 391 529 Vs.
420 488 514 530 425.
578 487 774 537 Torrens,
805 489 1038 530 conburens.
1083 487 1234 532 Indos,
1263 488 1429 540 populos
1461 490 1709 529 subsolanOS.
1741 510 1796 517 —
1829 487 1980 540 Sirius,
2012 488 2123 530 stella
2151 500 2230 529 una
2258 493 2333 540 est,

196 547 284 597 quia
323 546 355 584 si
394 545 525 597 plures
557 544 666 584 sidus
697 543 850 583 dicitur.
908 544 1101 585 Saturnus
1133 544 1266 593 stella,
1307 544 1396 594 quia
1431 556 1509 583 una
1539 549 1619 594 est,
1659 545 1830 596 Iuppiter
1858 543 2017 596 stella,·.
2033 545 2124 595 quia
2153 555 2231 584 una
2260 548 2333 587 est,

197 600 351 651 Hyades
383 599 516 651 sidUS,
554 600 645 651 quia
683 599 827 639 multae
855 604 958 640 sunt.
1017 599 1140 640 Sirius
1180 599 1292 639 stella
1331 603 1391 638 est
1429 599 1468 638 in
1497 612 1566 639 ore
1596 601 1726 650 canis,
1765 611 1835 651 per
1873 610 1990 650 quam
2028 599 2170 639 nimios
2199 602 2334 638 aestus

197 668 276 694 acci
292 666 420 694 mnus.

282 668 292 706 Ι
331 710 394 748 νε.
424 707 518 749 426.
579 707 808 752 Hauserat,
839 713 1039 759 tenuerat,
1070 712 1365 759 acceperatll),
1400 713 1440 747 ut
1469 708 1543 746 ille
1573 709 1753 760 impiyer
1780 707 1920 746 hausit
1946 713 2198 760 spumantem
2213 711 2334 758 pate-

197 767 354 812 ram.¹2)
386 786 438 793 —-
476 761 611 806 Cava,
644 764 743 808 alta,
775 769 817 803 ut
845 763 1126 811 LucANcs1³):
1156 761 1385 801 Deseruere
1419 775 1520 801 cava
1549 765 1745 801 tentoria.

331 820 396 858 Vs.
427 817 520 859 429.
584 816 813 864 Consuant,
843 818 907 858 hic
936 831 958 859 a
989 819 1170 871 passivo,
1199 824 1242 858 ut
1270 821 1513 857 SALUSTlthz
1546 819 1587 855 in
1623 815 1832 870 Garyitha
1861 818 1997 856 anima
2025 821 2223 857 consueta
2243 815 2335 856 libi-

198 875 333 919 dinem
365 874 584 912 continuit.

330 930 394 968 Vs.
426 927 518 968 431.
580 926 754 979 How-em,
783 928 992 982 aspergine
1020 929 1151 969 maris.

335 985 401 1023 Vs.
431 981 526 1024 433.
591 981 724 1027 Olim,
758 983 820 1022 vel
849 984 1069 1036 praeteriti,
1097 983 1159 1022 vel
1188 981 1304 1022 medii
1335 981 1521 1034 temporis
1553 985 1625 1023 est.

334 1039 398 1078 Vs.
431 1037 525 1079 439.
590 1036 688 1076 Cum
720 1037 897 1076 clamore
935 1039 1022 1076 ruit
1052 1051 1200 1089 mayno
1232 1042 1270 1077 et
1299 1037 1409 1089 reliq.
1449 1037 1513 1076 hic
1541 1036 1774 1089 inpatientes
1811 1035 2012 1078 hominum
2043 1041 2192 1077 mentes
2221 1040 2338 1089 poeta

201 1095 327 1135 docet.
347 1098 399 1142 Ι4)
2240 1112 2243 1115 -

332 1150 393 1188 νε.
425 1146 517 1189 440.
582 1147 692 1185 Suae
723 1148 846 1195 artis,
877 1160 1039 1196 suarum
1067 1148 1378 1201 praestigiarum.

332 1205 398 1243 Vs.
430 1202 522 1243 443.
582 1201 795 1246 pellacia,
826 1204 1042 1253 astutiam)

335 1260 400 1299 νε.
432 1257 526 1298 444.
584 1257 776 1295 Hominis
809 1270 878 1295 ore
908 1257 1097 1301 locutus,
1127 1257 1297 1297 humana
1327 1269 1440 1299 voce.

331 1315 398 1353 Vs.
428 1313 522 1353 445.
581 1311 687 1350 Nam
719 1313 810 1363 quis
841 1325 910 1364 pro
941 1314 1120 1365 quisnam
1151 1312 1406 1354 admiratione
1435 1311 1543 1352 dixit.

330 1370 396 1409 νε.
425 1367 518 1408 446.
578 1368 635 1405 At
663 1366 736 1406 ille
764 1367 868 1408 dicit.
1486 1375 1488 1377 “

331 1425 396 1463 νε.
427 1422 520 1464 447.
584 1421 700 1466 Scis,
741 1426 782 1461 tu
822 1423 900 1462 scis
938 1426 977 1463 et
1015 1421 1206 1463 adventus
1237 1423 1312 1462 mei
1367 1434 1538 1463 causam.
1579 1445 1632 1452 —
1671 1419 1853 1466 Protea,
1898 1421 2099 1464 vocativus
2139 1420 2313 1464 Graecus
2323 1435 2336 1472 ;

201 1481 262 1522 alii
294 1480 511 1532 quicquam
540 1479 750 1532 legunt.¹⁶)
1511 1514 1525 1517 -

334 1536 399 1574 Vs,
430 1532 524 1574 448.
582 1531 714 1570 Deum
742 1536 973 1583 praecepta
1002 1532 1146 1576 secuti,
1177 1532 1311 1572 matris
1341 1532 1509 1583 scilicet3
1541 1532 1642 1572 bene
1671 1531 1719 1583 ad
1749 1543 1886 1584 preces
1917 1531 2028 1576 redit,
2058 1543 2133 1573 nec
2160 1531 2335 1575 auctori-

203 1597 320 1634 tatem
350 1589 558 1629 violentiae
588 1600 684 1628 suae
712 1588 817 1627 fecit.

337 1645 403 1683 Vs.
434 1642 528 1683 449.
596 1642 783 1681 Venimus
812 1653 883 1692 pro
914 1645 1049 1681 matre.
1080 1663 1134 1669 —
1169 1641 1428 1687 Quaesitum,
1459 1641 1622 1696 gerendi
1651 1641 1897 1691 verbum.¹⁷]

336 1700 401 1739 Vs.
429 1697 524 1738 450.
593 1696 664 1741 Vi,
696 1697 941 1737 necessitate.
2231 1712 2235 1716 ·

338 1755 403 1793 Vs.
435 1751 528 1792 451.
587 1750 805 1794 Ardentes,
838 1750 949 1790 ardet
977 1750 1088 1802 plura
1119 1751 1324 1804 significat,
1354 1756 1418 1791 ut:
1449 1750 1567 1788 ardet
1599 1763 1710 1801 apem
1739 1750 1888 1801 capiti,
1917 1749 2096 1796 festinat,
2125 1756 2190 1792 ut:
2221 1750 2339 1791 ardet

208 1811 323 1849 adire
349 1810 515 1859 fuyam.
545 1808 608 1848 hic
638 1811 768 1846 tamen
799 1806 853 1844 ira
886 1810 923 1845 et
952 1805 1219 1858 indignatione
1250 1818 1440 1847 accensos
1473 1806 1608 1846 oculos
1641 1806 1722 1845 vult
1752 1805 1985 1858 significare.

337 1865 405 1903 Vs.
433 1861 527 1903 452.
593 1860 678 1899 Ora
709 1859 902 1911 resolvit,
931 1860 1020 1900 licet
1048 1866 1235 1914 rogatus,
1265 1861 1407 1901 invitus
1438 1866 1568 1900 tamen
1597 1861 1703 1911 loqui
1734 1861 1872 1912 coepit.
1981 1857 1985 1862 ’

339 1919 406 1958 νε.
433 1915 526 1957 453.
583 1915 775 1959 Nullius,
815 1915 991 1956 alicuius.
1049 1912 1242 1953 Numinis
1278 1916 1388 1959 irae,
1428 1927 1507 1955 non
1540 1915 1702 1956 alicuius
1742 1915 1912 1956 numinis
1946 1913 2050 1966 irae,
2089 1915 2161 1956 sed
2189 1927 2336 1969 pecca-

199 1980 284 2015 tum
313 1978 433 2014 tuum.

336 2030 402 2068 Vs.
429 2026 523 2068 454.
583 2025 744 2078 Mayna
773 2025 885 2076 lues,
914 2037 992 2065 non
1017 2025 1103 2065 lues
1135 2026 1351 2074 conmissa,
1383 2025 1454 2065 sed
1484 2026 1652 2076 crimen,
1684 2024 1789 2077 quod
1816 2036 1981 2066 necesse
2008 2026 2060 2067 sit
2088 2026 2255 2067 maxima
2273 2026 2339 2067 lue

205 2085 364 2137 expiari.
396 2106 448 2111 -—
484 2081 755 2123 Miserabilis‚
788 2082 853 2132 qui
884 2081 1132 2120 miseratione
1163 2081 1303 2133 dignus
1334 2080 1395 2120 sit.

338 2140 403 2177 Vs.
436 2137 530 2178 455.
589 2135 718 2174 Haud
748 2148 820 2175 nec
844 2135 948 2175 haud
977 2147 1193 2186 quaquam,
1224 2147 1303 2176 non
1332 2136 1416 2175 sinc
1445 2146 1576 2175 causa.
1609 2157 1657 2163 —
1689 2133 1819 2173 Haud
1848 2147 2051 2187 quaquam
2071 2133 2122 2174 ob
2141 2137 2337 2181 meritum,

205 2195 241 2234 id
275 2200 333 2234 est
362 2205 439 2232 non
470 2193 565 2232 tales
597 2192 729 2243 quales
761 2192 945 2240 mereris,
976 2203 1064 2230 nam
1097 2191 1179 2229 eius
1211 2191 1323 2230 uxori
1354 2201 1471 2231 causa
1501 2190 1636 2230 mortis
1665 2190 1785 2232 fuisti.
1822 2188 1883 2228 Ni
1908 2191 2005 2242 fata
2031 2190 2241 2236 resistant,
2269 2192 2337 2232 in-

208 2249 326 2289 ferret
356 2249 471 2301 digna
502 2247 710 2300 supplicia,
740 2246 813 2285 nisi
844 2245 921 2284 fata
952 2245 1212 2298 prohiberent.
1396 2247 1398 2249 ’

339 2304 404 2342 νε.
436 2301 528 2342 456.
588 2301 755 2351 Rapta.
785 2304 970 2352 quantum
1002 2300 1048 2339 ad
1081 2305 1188 2340 tuum
1219 2305 1400 2340 conatum
1430 2306 1550 2353 rapta.

338 2359 403 2397 Vs.
432 2356 524 2398 458.
585 2356 796 2394 Morum—a
824 2359 913 2407 post
942 2366 1128 2395 morsum.
1161 2378 1212 2382 —
1244 2354 1448 2406 Hydrum,
1479 2355 1637 2396 fluvium
1659 2355 1905 2403 Tliraciae¹⁸)
1927 2355 1989 2394 vel
2008 2355 2139 2396 verius
2167 2366 2337 2411 serpen-

208 2418 297 2452 tem.
357 2411 532 2455 Puella,
564 2417 719 2460 tenera,
753 2410 938 2453 delicata,
970 2412 1122 2449 misera.

344 2468 408 2506 Vs.
440 2466 534 2508 459.
597 2465 856 2508 Seri-antem,
889 2464 1199 2514 custodientem,
1231 2468 1441 2504 tenentem.

337 2522 402 2561 νε.
435 2521 527 2562 460.
586 2518 643 2559 At
673 2519 819 2558 chorus
851 2518 1058 2571 aequalis,
1086 2518 1228 2560 chorus
1259 2519 1489 2570 aequalium.
1523 2543 1567 2548 —
1599 2516 1835 2572 Dryadum,
1873 2518 2129 2572 nympharum
2140 2531 2153 2568 ;
2191 2532 2338 2572 supre-

207 2591 311 2620 mos,
344 2578 534 2616 excelsos.

339 2632 403 2670 νε.
433 2629 526 2670 461.
587 2629 864 2680 Rhodopeiae
895 2640 1028 2673 arces,
1055 2633 1208 2669 montes
1239 2627 1389 2676 du0.¹⁹)

339 2686 405 2725 Vs.
437 2684 528 2725 462.
588 2684 814 2735 Ραηῃαεα,
851 2684 936 2724 loca
965 2683 1243 2732 'l‘liraciae¹⁸);
1285 2681 1499 2721 Mavortia
1539 2681 1683 2727 tellus,
1722 2682 1809 2723 loca
1837 2683 1877 2723 in
1905 2682 2148 2733 Thracia.²⁰)
2183 2706 2239 2714 —-
2276 2683 2338 2725 Et

209 2740 353 2782 Rhesi.
392 2740 649 2792 prolepsis²¹)
679 2751 728 2777 ex
756 2750 925 2790 persona
963 2743 1125 2790 poetae,
1169 2750 1246 2789 quo
1287 2739 1388 2777 enim
1428 2742 1603 2790 tempore
1632 2737 1811 2790 Orpheus
1848 2738 1944 2790 fuit,
1980 2737 2155 2780 nondum
2183 2738 2337 2781 Rhesus

203 2796 394 2850 regnabat
420 2796 458 2834 in
489 2794 722 2840 Thraciam)

341 2894 391 2935 lo)
423 2895 609 2937 ignorat.
668 2891 715 2932 11)
749 2892 986 2934 acciperat.
1034 2891 1082 2932 12)
1120 2897 1341 2934 patertem.
1390 2890 1439 2931 13)
1470 2889 1503 2931 1.
1534 2888 1612 2924 396.
1663 2891 1711 2933 14)
1749 2891 1784 2924 ln
1818 2897 1905 2925 textu
1939 2890 2061 2935 Virgilii
2084 2892 2270 2937 vinclis,
2303 2895 2335 2929 in

207 2941 372 2983 margine:
397 2939 472 2972 alii
499 2938 694 2971 manicis.
744 2939 790 2977 15)
817 2937 852 2968 ln
876 2942 963 2970 textu
987 2937 1110 2980 Virgilii
1137 2937 1346 2979 pellacia,
1373 2936 1428 2968 sed
1455 2946 1550 2977 supra
1577 2937 1754 2979 scriptum:
1779 2942 1801 2969 t.
1828 2938 1872 2979 f.‚
1897 2937 1930 2971 id
1954 2942 2020 2970 est:
2053 2937 2120 2971 vel
2144 2938 2336 2975 fallacia.

209 2988 257 3023 1⁶]
283 2986 317 3018 Id
344 2991 393 3018 est
417 2995 475 3027 pro
501 2984 611 3016 dativo
637 2983 731 3025 cuiq
745 2993 847 3014 uam.
899 2982 947 3023 17)
975 2984 1213 3025 quaesitum
1247 2984 1277 3014 in
1315 2987 1400 3014 textu
1426 2981 1564 3023 virgum
1602 2983 1632 3013 in
1667 2993 1766 3026 marg.
1792 2988 1850 3023 at,
1885 2985 1907 3016 i.
1940 2993 1970 3015 e.
1997 2982 2069 3023 alii,
2103 2986 2334 3027 quesitum.

207 3030 482 3072 muschiae.
497 3030 546 3070 19)
559 3028 813 3073 monstradu
828 3037 882 3060 ae.
898 3027 1052 3060 Fortasse
1066 3028 1208 3060 scribere
1222 3028 1341 3061 voluit:
1357 3027 1708 3060 mons'l‘liraciae.
1730 3028 1976 3069 2⁰)trachia.
1996 3027 2334 3076 2l)proleu1psis.
