2430 3177
1147 99 1226 146 17*
1268 106 1271 109 '

830 327 1264 421 Georgicorum
1318 327 1418 404 lib.
1462 329 1509 404 l.

228 490 391 533 Iunilius
421 488 599 544 Flagrius
628 487 899 531 Valentiniano
928 472 1151 531 Mediolani.
1173 489 1219 538 *)'

228 579 421 632 Virgilius,
443 579 482 618 in
514 577 698 630 operibus
729 577 811 618 suis
852 576 1031 617 diversos
1070 581 1230 618 secutus
1262 579 1322 616 est
1360 579 1522 629 poetas,
1560 575 1774 616 Homerum
1810 576 1850 617 in
1879 575 2088 630 Aeneidis,
2130 591 2248 631 quem

95 635 186 676 lieet
214 634 419 676 intervallo
448 633 569 686 longo
591 636 628 681 1)
659 637 820 672 secutus
852 638 924 683 est,
957 632 1207 673 Theocritum
1237 632 1277 672 in
1296 632 1500 681 bucolicis,
1530 643 1553 670 a
1583 642 1661 683 quo
1689 643 1767 671 non
1796 631 1916 686 longe
1944 632 2067 684 abest,
2098 634 2247 676 Hesio-

97 690 190 732 dum
209 693 246 738 2)
277 690 316 728 in
345 688 405 728 his
436 689 542 728 libris
574 689 863 742 georgicorum.
929 687 1001 727 Hic
1031 692 1161 728 autem
1190 687 1387 727 Hesiodus
1422 687 1495 726 fuit
1521 685 1569 725 de
1597 686 1724 727 Ascra
1754 687 1880 726 insula
1900 687 1958 738 8),
1999 690 2064 740 qui
2093 691 2251 743 scripsit

96 746 147 786 ad
175 744 349 784 fratrem
370 755 486 784 suum
515 744 660 783 Persen
688 743 852 793 librum,
884 755 1001 794 quem
1031 743 1238 795 appellavit
1266 740 1367 794 ἔργα
1397 745 1470 781 καὶ
1499 737 1680 794 ἡμέρας,
1719 741 1796 782 hoc
1827 747 1887 782 est
1918 755 2047 793 opera
2077 749 2117 783 et
2144 746 2246 787 dies.

93 801 167 841 Hie
196 804 326 839 autem
357 799 455 838 liber
483 800 678 849 eontinet,
719 798 1050 850 quemadmodum
1090 799 1173 850 agri
1214 804 1252 839 et
1281 798 1422 850 quibus
1464 798 1735 850 [temporibus]
1756 800 1793 845 4)
1830 798 1906 836 sint
1929 798 2102 849 colendi,
2136 801 2247 842 cuius

92 855 252 896 titulum
289 853 502 894 transferre
538 854 685 904 noluit,
728 854 831 893 sicut
865 853 1134 894 bucolicorum
1156 856 1191 905 ⁵)
1233 853 1429 893 transtulit
1467 857 1506 892 et
1546 853 1647 892 sicut
1685 852 1898 892 Aeneidem
1934 855 2140 906 appellavit
2181 855 2247 905 [ad

92 905 367 958 imitationem]
401 909 606 962 Odysseae
625 910 678 960 ⁶),
706 913 841 949 tamen
871 921 959 949 eum
990 921 1060 961 per
1088 910 1184 949 istas
1214 910 1252 948 in
1281 910 1406 962 primo
1428 908 1608 960 exprimit
1627 919 1746 947 versu
1777 907 1932 948 dicens:
1963 909 2144 951 indicabo
2169 922 2247 962 quo

92 977 215 1018 opere
244 969 283 1004 et
313 965 455 1015 quibus
495 965 768 1017 [temporibus]
809 977 905 1018 ager
925 968 962 1013 7)
995 963 1183 1004 colendus
1215 966 1283 1012 sit3
1322 963 1413 1003 inde
1451 963 1606 1002 duobus
1643 962 1769 1002 modis
1809 964 2016 1016 scripsisse
2056 965 2246 1006 dicendus

93 1025 167 1061 est.
226 1019 377 1073 Ingenti
408 1025 537 1060 autem
569 1020 650 1072 egit
679 1025 783 1069 arte,
814 1025 858 1060 ut
886 1020 1098 1071 potentiam
1138 1020 1251 1060 nobis
1288 1018 1478 1058 indicaret
1497 1021 1534 1065 5)
1571 1018 1632 1058 sui
1660 1019 1825 1072 ingenii,
1858 1020 2070 1060 coartando
2101 1021 2179 1061 lata
2210 1024 2249 1061 et

92 1076 322 1129 angustiora
363 1074 559 1114 dilatando
581 1077 632 1122 ⁹).
699 1073 795 1113 Nam
834 1086 954 1125 quum
993 1074 1152 1114 Homeri
1196 1080 1234 1114 et
1271 1074 1467 1113 Theocriti
1502 1075 1540 1112 in
1578 1073 1807 1113 brevitatem
1843 1075 1987 1126 scripta
2029 1076 2246 1129 collegerit,

91 1142 214 1171 unum
243 1130 404 1169 Hesiodi
434 1134 564 1170 tamen
593 1129 734 1168 librum
764 1130 802 1168 in
824 1128 891 1168 1111
912 1129 1054 1179 divisit,
1086 1129 1191 1181 quod
1222 1129 1375 1169 ratione
1403 1140 1481 1169 non
1512 1134 1617 1168 caret
1628 1141 1639 1177 3
1669 1140 1759 1168 nam
1791 1131 1916 1168 omnis
1946 1135 2049 1170 terra
2080 1131 2246 1181 quadri-

89 1185 212 1235 faria,
244 1189 311 1225 aut
338 1185 440 1224 enim
472 1195 588 1225 arvus
620 1188 679 1223 est
709 1196 804 1237 ager
832 1184 871 1224 id
903 1189 963 1224 est
981 1185 1038 1234 10)
1068 1185 1290 1234 rationalis,
1323 1188 1389 1224 aut
1419 1185 1593 1223 consitus
1623 1183 1662 1223 id
1695 1188 1754 1223 est
1784 1189 1897 1236 aptus
1928 1186 2147 1235 arboribus,
2181 1191 2248 1227 aut

90 1251 285 1294 pascuuS,
328 1241 393 1291 qui
423 1239 553 1278 herbis
593 1243 741 1279 tantum
780 1244 819 1279 et
847 1240 1079 1279 animalibus
1109 1245 1243 1289 vacat,
1284 1244 1350 1279 aut
1379 1239 1548 1288 floreus,
1590 1240 1628 1278 in
1660 1251 1738 1290 quo
1780 1243 1872 1278 sunt
1901 1239 2004 1279 horti
2025 1243 2080 1289 12)
2107 1241 2246 1292 apibus

91 1300 358 1350 congruentes
390 1299 427 1334 et
456 1294 631 1334 floribus.
695 1293 771 1334 Alii
801 1299 930 1334 auteur
962 1294 1061 1335 duos
1092 1299 1241 1335 tanturn
1273 1295 1483 1348 georgic-os
1525 1294 1625 1334 male
1655 1293 1789 1334 dicunt
1824 1293 1999 1334 dicentes
2040 1296 2248 1347 γεωργίαν

92 1362 205 1400 esse,
245 1350 285 1389 id
316 1354 377 1389 est
404 1354 532 1388 terrae
561 1361 741 1401 operam,
785 1362 900 1401 quam
924 1352 979 1399 13)
1012 1350 1123 1402 primi
1154 1351 1354 1390 continent
1384 1350 1461 1389 duo
1491 1349 1598 1398 libri,
1639 1356 1844 1390 nectamen
1867 1353 1920 1398 ¹⁴)
1963 1350 2010 1391 ad
2043 1352 2246 1393 utilitatem

92 1406 280 1447 rusticam
311 1405 517 1457 pertinere,
548 1416 637 1445 nam
669 1409 708 1444 et
736 1416 880 1457 pecora
911 1410 950 1445 et
979 1417 1072 1458 apes
1101 1405 1247 1445 habere
1276 1405 1393 1446 studii
1424 1409 1484 1444 est
1512 1405 1659 1445 rustici.
1717 1404 1824 1444 Licet
1838 1406 2037 1456 possimus
2068 1407 2246 1459 agricul-

92 1465 222 1501 turam
254 1460 371 1500 etiam
412 1461 453 1500 in
487 1460 547 1499 his
588 1459 742 1501 duobus
784 1461 1039 1511 sequentibus
1077 1461 1263 1500 invenire.
1331 1460 1429 1500 Nam
1469 1465 1507 1500 et
1542 1459 1701 1512 farrago
1740 1461 1825 1499 sine
1861 1461 2013 1502 cultura
2050 1473 2130 1501 non
2167 1474 2246 1503 na-

90 1518 215 1556 scitur
237 1519 292 1564 ¹³)
335 1521 373 1555 et
409 1517 447 1555 in
477 1515 600 1555 hortis
623 1518 676 1563 ¹⁶)
708 1515 884 1556 colendis
924 1518 1225 1555 non‘minorem
1265 1515 1367 1556 cirea
1406 1519 1530 1554 terras
1567 1515 1858 1568 impendi[mus]
1882 1516 1947 1564 ¹⁷)
1973 1516 2146 1556 laborem
2157 1529 2168 1566 3
2208 1521 2246 1557 et

92 1571 133 1612 hi
153 1574 208 1620 ¹⁸)
239 1568 536 1610 libri'didaotiei
558 1573 612 1618 19)
644 1575 755 1618 sunt,
796 1570 902 1610 unde
930 1582 1097 1610 necesse
1127 1576 1209 1621 est,
1247 1575 1291 1611 ut
1320 1570 1368 1610 ad
1398 1570 1565 1622 aliquem
1595 1570 1835 1620 scribantur,
1874 1583 1963 1611 nam
1994 1577 2246 1624 praeceptum

91 1626 268 1666 doctoris
299 1630 338 1666 et
368 1626 545 1678 discipuli
575 1637 783 1677 personam
812 1627 988 1678 requirit,
1018 1626 1124 1665 unde
1153 1627 1201 1666 ad
1231 1627 1495 1666 Maecenatem
1527 1625 1683 1677 scripsit
1710 1626 1811 1665 sicut
1840 1626 2037 1666 Hesiodus
2069 1627 2118 1666 ad
2148 1628 2246 1667 Per-

93 1693 180 1732 sen,
211 1681 416 1721 Lucretius
455 1680 502 1720 ad
533 1680 768 1720 Memmium.
827 1681 930 1721 Sane
967 1681 1232 1734 agriculturae
1270 1681 1386 1720 huius
1424 1684 1630 1733 praecepta
1668 1692 1748 1720 non
1788 1679 1836 1720 ad
1877 1693 2013 1721 omnes
2053 1685 2247 1734 pertinent

91 1741 238 1786 terraS,
270 1736 340 1776 sed
370 1735 418 1776 ad
450 1736 574 1775 solum
607 1736 722 1776 situm
753 1735 886 1776 Italiae
905 1738 975 1786 ²⁰),
1009 1741 1110 1776 teste
1139 1738 1224 1789 ipso
1253 1735 1438 1788 Virgilio,
1471 1736 1536 1786 qui
1566 1736 1617 1774 ait
1645 1735 1712 1774 tibi
1741 1748 1805 1775 res
1839 1737 2022 1788 antiquae
2049 1733 2176 1778 laudis
2207 1742 2247 1781 et

90 1794 187 1834 artis
216 1791 430 1845 ingredior,
463 1803 550 1831 cum
582 1790 632 1831 de
660 1790 768 1831 ltalia
800 1791 960 1841 diceret,
989 1791 1082 1843 quid
1112 1796 1236 1831 terras
1267 1792 1433 1844 pingues
1466 1790 1618 1831 cl'fieiat.
1678 1790 1891 1842 Hucusque
1921 1795 2114 1832 lemnius.

227 1847 511 1899 Georgicorum
536 1846 637 1885 duae
657 1851 749 1886 sunt
768 1847 935 1898 specieS,
968 1847 1041 1887 alia
1072 1846 1120 1886 ad
1151 1847 1431 1900 agriculturam
1461 1847 1647 1897 pertinet,
1677 1845 1751 1884 alia
1781 1846 1829 1885 ad
1860 1848 2176 1898 rusticationem3
2208 1852 2246 1890 et

88 1903 355 1956 agriculturae
385 1902 542 1952 quidem
573 1913 691 1954 opera
723 1906 814 1941 sunt
843 1906 1002 1954 segetes
1033 1905 1071 1940 et
1098 1902 1197 1941 vites
1229 1907 1268 1942 et
1296 1901 1370 1942 alia
1391 1913 1650 1952 quaequeex
1677 1901 1782 1953 agris
1812 1901 2040 1954 gignuntur,
2070 1904 2244 1945 rustica-

88 1959 208 1999 tionis
249 1968 344 1997 vero
382 1969 475 1997 cura
515 1968 701 2008 pecorum
743 1962 781 1996 et
821 1957 952 1997 ovium
991 1961 1029 1996 et
1067 1961 1289 2001 ceterorum
1327 1957 1573 2006 animalium,
1619 1968 1719 2007 quae
1756 1957 1837 1996 ruri
1877 1962 1968 1998 sunt
2002 1958 2239 1999 fructuosae.

89 2013 198 2066 Ergo
229 2012 307 2052 duo
336 2013 488 2065 priores
528 2012 593 2050 libi
630 2023 750 2063 super
778 2011 1018 2064 agricultura
1053 2015 1165 2060 sunt,
1207 2024 1284 2063 qua
1304 2014 1358 2058 21)
1400 2016 1559 2062 propter
1597 2011 1705 2051 velut
1734 2011 1910 2063 perfecto
1941 2025 2062 2065 opere
2099 2015 2136 2053 in
2167 2025 2240 2054 se-

90 2068 222 2109 cundo
250 2067 349 2107 libro
379 2066 534 2106 laudem
565 2067 830 2119 agriculturae
861 2067 1101 2118 exsequitur,
1131 2067 1265 2118 inquo
1296 2066 1410 2106 etiam
1441 2066 1546 2106 nullo
1575 2066 1681 2106 velut
1703 2069 1759 2114 22)
1789 2068 1978 2120 principio
2007 2073 2121 2108 utens
2153 2074 2241 2109 sta-

86 2123 156 2163 tim
188 2122 237 2163 ad
265 2123 389 2174 ipsam
418 2134 502 2161 rem
534 2122 684 2172 transit,
716 2122 865 2162 scilicet
885 2121 1168 2173 praefationem
1199 2122 1282 2162 eius
1303 2123 1433 2174 operis
1463 2121 1618 2161 abunde
1637 2123 1692 2169 23)
1723 2122 1941 2174 explicante
1970 2124 2100 2174 priore
2127 2125 2241 2176 libro,

89 2182 132 2220 at
160 2191 257 2218 vero
281 2178 340 2227 21)
369 2177 635 2217 rusticationis
665 2176 779 2218 tertio
810 2183 848 2217 et
878 2181 1017 2228 quarto
1049 2176 1310 2216 voluminibus
1342 2178 1582 2227 continetur,
1615 2189 1690 2228 qua
1723 2182 1881 2228 propter
1911 2179 2046 2219 tertius
2078 2179 2240 2233 longio-

87 2245 172 2275 rem
202 2245 359 2273 rursum
391 2232 672 2284 praefationem
692 2233 750 2283 ²⁵)
780 2232 887 2273 velut
915 2243 1017 2272 novo
1040 2232 1226 2284 principio
1255 2233 1429 2285 apprime
1448 2235 1505 2281 20)
1538 2233 1805 2286 comparative
1833 2232 1978 2284 incipit,
2010 2239 2048 2274 et
2078 2240 2240 2286 quartus

87 2289 310 2342 expeditam
340 2293 377 2327 et
405 2287 652 2337 festinantem
684 2288 860 2328 referens
891 2300 941 2327 ex
971 2287 1145 2327 secundo
1175 2287 1478 2327 similitudinem.

223 2343 455 2394 Principium
485 2345 761 2396 georgicorum
793 2355 892 2395 pene
920 2343 997 2382 tale
1027 2347 1099 2392 est,
1133 2343 1246 2393 quale
1278 2343 1314 2381 in
1345 2342 1539 2392 Aeneide,
1572 2347 1615 2382 ut
1645 2342 1836 2395 expositio
1868 2344 2053 2383 materiae
2081 2344 2146 2394 ibi,
2177 2344 2240 2386 hie

87 2398 279 2452 praefatio
308 2400 444 2451 prima,
476 2398 650 2439 secundo
680 2399 877 2438 invocatio
906 2398 1090 2448 numinis,
1120 2403 1182 2437 ut:
1221 2397 1345 2436 Musa
1374 2397 1473 2435 milii
1503 2411 1648 2436 causas
1673 2410 1869 2441 memora,
1901 2399 2015 2438 tertio
2045 2400 2238 2451 expositio

88 2455 276 2494 materiae
303 2458 498 2503 narratur,
529 2459 591 2493 ut:
622 2452 718 2491 urbs
748 2454 924 2505 antiqua
950 2454 1049 2504 fuit.
1085 2453 1179 2500 *Hic
1214 2459 1343 2493 autem
1384 2453 1686 2505 praefatio-est,
1718 2457 1780 2492 ut:
1813 2452 1916 2504 quid
1940 2453 2079 2504 faciat
2106 2454 2237 2494 laetas

87 2514 260 2561 aegrotes,
288 2509 484 2549 invocatio
515 2509 699 2560 numinis,
731 2514 795 2549 ut:
825 2522 911 2558 vos,
941 2522 965 2547 ο
993 2508 1225 2547 clarissima
1253 2508 1395 2546 muudi
1425 2508 1590 2553 lumime,
1622 2513 1664 2548 ut
1692 2507 1764 2548 ibi:
1802 2506 1926 2547 Musa
1962 2509 2063 2548 milti
2093 2522 2236 2549 causas

225 2654 261 2694 *)
287 2652 367 2686 Cum
400 2653 482 2686 haec
505 2653 686 2696 praefatio,
718 2665 815 2700 quam
845 2653 1050 2687 Burmannus
1077 2653 1189 2686 Servio
1215 2652 1400 2686 adscribere
1423 2652 1550 2686 videtur
1582 2651 1666 2692 (vid.
1690 2651 1724 2684 T.
1750 2651 1774 2684 Ι.
1800 2663 1832 2694 p.
1851 2650 1955 2695 166),
1986 2654 2081 2686 etiam
2105 2653 2135 2686 in
2161 2656 2234 2689 cod.

90 2699 247 2734 Bernensi
273 2697 350 2739 167,
375 2699 488 2733 seculo
514 2700 640 2734 decimo
666 2702 799 2745 scripto,
826 2700 963 2744 legatur,
989 2702 1084 2732 etiam
1111 2701 1180 2732 eius
1205 2701 1392 2733 varietatem
1418 2701 1594 2741 scripturae
1608 2697 1681 2739 (B.)
1707 2708 1880 2741 apponam.
1900 2717 1941 2722 —
1960 2698 2040 2732 Cod.
2063 2698 2120 2731 B.:
2144 2700 2235 2734 Me-

90 2745 272 2779 dionati.
331 2748 363 2786 Ι)
397 2745 479 2777 Coti.
516 2751 547 2777 et
569 2746 626 2778 B.:
661 2747 804 2790 longe.
862 2747 897 2788 2)
930 2746 1148 2778 Esiodum.
1183 2744 1219 2777 B.
1245 2755 1385 2788 semper.
1444 2745 1477 2786 3)
1513 2743 1593 2777 cod.
1629 2749 1660 2776 et
1684 2743 1740 2776 B.:
1767 2744 1923 2777 insola.
1978 2745 2012 2784 4)
2039 2744 2137 2778 Deest
2160 2756 2233 2779 voc.

89 2791 365 2834 temporibus
391 2792 422 2822 in
448 2791 562 2823 codice
582 2798 613 2823 et
637 2792 674 2825 B.
721 2793 756 2834 5)
783 2791 862 2825 cod.
890 2798 920 2825 et
944 2792 1002 2824 B.:
1034 2791 1355 2824 bocolicorum,
1413 2791 1447 2831 6)
1474 2789 1555 2823 Cod.
1585 2796 1618 2823 et
1640 2789 1698 2822 B.:
1734 2790 1988 2834 appellavit
2014 2790 2231 2825 Odissiae.

88 2838 123 2879 7)
157 2837 238 2870 Cod.
271 2842 302 2869 et
326 2836 384 2869 B.:
419 2836 579 2880 quibus
605 2848 721 2879 ager.
776 2839 811 2879 8)
845 2837 902 2870 B.:
934 2838 1148 2870 indicare.
1207 2837 1240 2878 9)
1277 2836 1379 2869 Cod:
1416 2836 1668 2869 delatando.
1727 2838 1776 2876 10)
1814 2836 1849 2868 In
1884 2835 1919 2868 B.
1948 2835 2055 2868 deest:
2090 2837 2129 2869 id
2157 2845 2232 2871 esi..

90 2883 140 2925 12)
165 2882 247 2918 eod.
272 2888 305 2916 et
332 2882 390 2915 B.:
416 2884 513 2915 orti.
562 2883 611 2924 13)
638 2883 693 2917 B.:
719 2889 837 2917 terra
863 2894 997 2927 opera
1023 2894 1141 2926 quzw.
1190 2883 1240 2924 1⁴)
1267 2882 1371 2916 C0d.:
1397 2882 1641 2915 Nestamen.
1692 2883 1739 2923 15)
1764 2881 1922 2914 Nain—
1947 2882 2147 2915 nascitur
2173 2884 2233 2917 de--

88 2934 165 2964 suut
187 2930 220 2962 in
244 2927 280 2961 B.
342 2928 390 2968 16)
417 2927 499 2961 Cod.
523 2933 556 2961 et
580 2928 635 2962 B.:
661 2928 838 2962 hostiis.
901 2930 951 2971 17)
988 2929 1190 2962 Burmannus
1223 2930 1371 2971 scripsit:
1409 2934 1551 2961 terras
1585 2934 1764 2961 constat
1798 2926 1989 2970 impendi
2025 2927 2233 2968 laborem.

89 2975 140 3016 18)
165 2974 248 3010 cod.
273 2979 306 3007 et
330 2973 388 3007 B.:
414 2974 487 3007 hii.
543 2975 592 3015 19)
617 2973 699 3008 Cod.
727 2980 760 3009 et
783 2974 841 3008 B.:
866 2975 1031 3008 italici.
1087 2975 1279 3008 Burmanm:
1319 2974 1599 3007 didascalici.
1658 2975 1709 3015 2ο)
1747 2973 1803 3005 Β.;
1841 2971 2043 3007 Vitaliae.
2092 2978 2142 3014 21)
2176 2974 2233 3008 B.·

88 3030 181 3055 cua.
227 3022 275 3062 22)
300 3019 336 3054 B.
362 3020 482 3053 velut
507 3019 634 3054 nullo
658 3021 793 3056 velut.
841 3020 1016 3055 Burmanni
1041 3021 1139 3054 codd.
1164 3031 1278 3055 omnes
1302 3022 1334 3054 in
1359 3020 1420 3053 troc
1445 3020 1517 3054 loco
1543 3020 1751 3053 vitiosissimi.
1807 3019 1858 3060 2³)
1893 3017 1975 3053 Cod.
2009 3025 2041 3052 et
2063 3022 2124 3053 B.:
2158 3020 2234 3054 ha—

88 3065 246 3100 bunde.
294 3066 346 3108 24)
373 3065 476 3100 Cod.:
501 3076 607 3105 vero„
627 3068 743 3111 0'pit.
788 3067 840 3110 25)
864 3067 924 3102 B.:
946 3066 1180 3110 praefatio.
1229 3067 1280 3109 26)
1305 3067 1443 3110 prime
1467 3065 1523 3106 B.,
1546 3065 1623 3099 hac
1648 3067 1781 3109 prime
1806 3064 1889 3100 Cod.

1938 3118 1965 3162 3
