2430 3177
1144 56 1208 102 29

2044 134 2064 152 θ

106 210 110 215 -
229 186 297 226 Vs.
326 183 422 228 380.
486 183 731 231 carchesia,
762 196 888 240 genus
920 186 1174 238 poculorum,
1206 185 1267 224 vel
1298 183 1520 225 Carchesus
1535 187 1591 233 ⁹⁵)
1623 185 1758 239 regio,
1796 185 1835 226 in
1865 196 1942 237 qua
1971 186 2101 227 vinum
2133 188 2242 238 opti—

92 248 202 281 mum
231 239 286 280 fit.
318 266 363 271 —
399 239 593 280 Maeonii
623 242 760 282 Graeci
790 240 830 281 id
858 245 918 280 est
947 240 1069 293 Lydii.
1083 241 1139 290 ⁹⁶]
1171 237 1354 284 Bacchi,
1385 240 1572 281 IUNILIUS
1597 240 1712 282 dicit:
1742 240 1867 293 [ante]
1890 239 2086 290 Bacchi⁹⁷)
2114 246 2243 293 potest

95 294 212 336 distin
245 296 294 336 ui.
1126 332 1129 336 .

216 308 291 389 ng.
322 348 416 393 381.
478 350 668 389 Libemus
696 353 720 392 i.
751 363 786 390 e.
818 350 891 390 diis
921 349 1205 390 sacrificemus.

225 404 292 445 Vs.
317 404 410 448 382.
475 406 764 457 Oceanumque
790 410 954 458 patrem
983 418 1142 448 rernm,
1182 416 1272 444 nam
1300 404 1387 458 ipse
1415 409 1526 458 pater
1563 406 1758 456 omnium,
1798 405 1986 446 ut“multi
2019 404 2240 457 philosophi

93 457 230 500 dicunt
259 472 309 500 ex
339 474 442 513 aqua
471 461 666 507 existere,
698 461 760 501 alii
792 473 842 500 ex
870 461 965 513 igni.
1885 508 1887 510 q

229 515 292 554 Vs.
325 514 421 557 383.
485 515 678 558 Centum,
709 514 859 555 finitum
889 526 959 566 pro
991 513 1141 554 infinito
1171 513 1280 555 dixit.
1308 536 1371 556 —,
1398 513 1577 554 Servant
1606 525 1677 566 pro
1708 515 1855 555 colunt.

224 570 291 609 Vs.
321 569 414 612 384.
473 569 684 621 Liquido,
713 582 836 622 pur03
868 574 1056 615 nectare,
1089 572 1190 610 vino.
1223 592 1275 598 —
1316 568 1498 618 Vestam,
1528 570 1672 622 ignem.
1824 585 1827 592 Δ

224 625 290 664 Vs.
321 623 414 667 385.
481 623 561 662 Ter
595 624 781 676 flamma,
821 626 947 678 magis
992 624 1149 665 flamma
1188 624 1407 675 convaluit,
1452 625 1559 677 quod
1599 624 1743 664 bonum
1782 629 1868 664 erat
1905 636 2033 665 omen.
2092 625 2174 665 Hoc
2204 631 2241 665 et

91 675 270 720 Ciceroni
299 679 441 721 dicitur
467 681 629 721 sactum.

223 734 290 773 Vs.
322 732 415 775 386.
474 735 687 777 Firmmzs,
719 734 950 774 stabilitans.
1548 752 1550 754 v

222 788 289 828 Vs.
320 787 413 830 387.
472 789 521 829 ln
556 787 876 840 Carpatk50⁹⁵)‚
909 788 1128 842 Carpathus
1155 788 1282 830 insula
1311 790 1420 830 iuxta
1449 788 1697 842 Aegyptum,
1737 788 1786 830 ad
1816 800 1932 840 quam
1964 788 2132 829 vicinum
2163 802 2238 841 pe-

86 841 201 895 lagus
233 842 484 896 Carpathium
515 844 665 884 dicitur.
697 844 769 884 Hic
799 844 1008 896 aliquando
1038 845 1216 898 regnavit
1244 845 1405 885 Proteus
1417 845 1474 895 ⁹⁹]
1503 845 1640 885 relicta
1668 843 1845 894 Pallene,
1878 844 2032 884 civitate
2061 843 2241 886 Thessa-

87 895 232 948 liae¹)‚
263 899 311 938 ad
342 912 460 950 quam
491 911 675 939 reversus
708 904 767 938 est
796 905 946 951 postea.

220 953 283 993 Vs.
316 952 410 995 388.
470 953 674 998 Proteus,
707 954 876 994 Callietis
910 966 1017 1006 puer.
2052 982 2056 986 -

189 1044 195 1049 .
220 1008 287 1048 Vs.
320 1007 416 1050 390.
475 1009 573 1052 Hic,
606 1009 737 1061 prolis.
767 1032 822 1037 ——
852 1007 1074 1047 Emathiae
1098 1013 1265 1064 pontus,
1295 1008 1561 1058 ThessalicOS,
1592 1008 1633 1049 id
1661 1012 1721 1049 est
1740 1008 2002 1050 Macedoniae.
2024 1007 2237 1055 ,Patriam—

86 1073 164 1114 que
191 1064 356 1115 revisit,
388 1065 490 1105 bene
517 1065 760 1117 propriorem
793 1063 908 1103 deum
940 1064 1196 1103 extentiorem
1225 1063 1331 1104 facit.

217 1117 297 1158 Vs.·
315 1116 410 1159 391.
468 1117 701 1167 Pallenen,
730 1118 859 1158 insula
887 1119 995 1159 iuxta
1026 1118 1178 1169 Athon,
1211 1119 1273 1158 vel
1301 1119 1414 1159 locus
1444 1119 1483 1158 in
1513 1117 1757 1160 Macedonia.

214 1172 280 1212 Vs.
313 1171 407 1214 392.
466 1172 652 1220 Nereus,
683 1173 779 1213 deus
811 1174 943 1214 maris.
1001 1171 1157 1218 Novit,
1187 1173 1226 1213 id
1258 1178 1319 1214 est
1348 1171 1525 1214 Proteus.

215 1227 283 1267 Vs.
314 1227 409 1269 393.
478 1229 683 1272 Ventura,
713 1228 857 1268 futura.

216 1282 281 1322 Vs.
312 1281 406 1324 394.
467 1282 690 1334 Neptuno,
721 1283 927 1323 Homerice
955 1283 1065 1333 dixit,
1097 1283 1164 1335 qui
1192 1282 1373 1337 Neptuno
1404 1283 1603 1324 beneficia
1633 1283 1816 1324 caelestia
1845 1283 2051 1323 distribuit.
2065 1285 2103 1331 2]
2152 1283 2235 1324 Ne-

82 1340 246 1388 ptunus,
278 1337 377 1378 deus
408 1341 539 1387 maris.
607 1338 765 1388 Visum,
795 1338 1002 1391 placilu1n3
1032 1340 1159 1378 visum
1190 1343 1251 1378 est
1281 1338 1330 1378 de
1360 1339 1512 1392 magnis
1544 1339 1809 1391 potestatibus
1840 1338 2017 1378 dicimus.
2139 1386 2147 1392 .

213 1393 279 1433 Vs.
310 1391 404 1434 395.
469 1392 651 1445 Turpes,
691 1393 875 1447 grandes,
909 1416 961 1422 —
991 1391 1162 1432 Plzocas
1175 1396 1236 1442 3),
1281 1393 1508 1446 delphines,
1539 1393 1601 1434 vel
1645 1394 1838 1446 quaedam
1867 1393 2047 1434 animalia
2073 1395 2235 1445 marina,

80 1457 184 1496 quae
211 1447 394 1488 dicuntur
421 1449 532 1490 vituli
560 1450 702 1499 maris,
732 1449 797 1489 vel
825 1448 948 1489 boves
980 1450 1111 1490 maris,

212 1502 278 1543 Vs.
310 1501 402 1544 396.
463 1503 582 1547 Hic,·
601 1504 788 1552 Proteus3
817 1503 895 1543 hoc
924 1508 1050 1554 totum
1081 1503 1289 1544 Homerice
1319 1502 1425 1544 dixit.

181 1556 277 1654 diVs.
310 1556 404 1599 397.
465 1557 691 1610 Expediat
727 1557 860 1596 morbi
899 1571 1062 1597 causam
1104 1563 1143 1599 et
1176 1559 1288 1611 reliq.
1328 1558 1407 1598 duo
1446 1559 1485 1598 in
1533 1559 1682 1600 morbis
1719 1557 1984 1610 requirenda,
2039 1570 2159 1600 causa
2199 1563 2238 1599 et

71 1620 180 1653 reme
274 1627 327 1654 m.

221 1640 293 1709 ffs.
323 1665 419 1710 399.
485 1667 573 1707 Vim
602 1668 766 1716 duram,
797 1668 889 1708 dum
919 1680 998 1709 non
1028 1668 1162 1709 flectes
1193 1667 1358 1708 orando.

217 1723 289 1764 Vs.
322 1721 417 1764 400.
475 1721 584 1762 Doli
614 1724 756 1762 inanes
785 1723 825 1763 id
856 1728 916 1763 est
944 1723 1159 1764 formarum
1190 1723 1373 1765 varietas.
1407 1744 1458 1753 -—
1489 1720 1661 1763 Demnm
1687 1724 1940 1776 frangentur
1957 1724 1996 1765 id
2017 1729 2076 1764 est
2094 1724 2235 1764 novis-

78 1776 183 1817 sime
212 1778 393 1819 desinent
417 1778 508 1829 doli.
634 1810 638 1820 .
901 1788 913 1800 ¹
1936 1819 1938 1821 ,

216 1834 283 1874 Vs.
313 1832 407 1875 401.
471 1833 570 1873 Cum
611 1833 678 1872 sol
687 1862 701 1885 ,
734 1832 820 1873 fere
853 1834 955 1873 enim
995 1837 1089 1873 tunc
1125 1834 1286 1873 numina
1327 1833 1523 1874 videntur.
1579 1833 1767 1874 Lucanus
1780 1837 1819 1883 4)
1860 1835 1932 1875 ait:
1971 1836 2107 1875 medio
2148 1849 2235 1875 cum

77 1884 278 1927 Phoebus
311 1890 353 1927 in
379 1901 462 1927 axe
494 1894 576 1938 est,
607 1888 802 1926 sacerdos
833 1900 1036 1926 accessum
1065 1888 1353 1941 dominumque
1383 1889 1502 1928 timet
1530 1888 1804 1940 deprendere.

215 1944 281 1984 Vs.
311 1941 405 1986 403.
468 1943 612 1992 Senis,
656 1943 741 1983 fere
789 1955 926 1983 omnes
965 1943 1016 1983 dii
1062 1944 1181 1984 maris
1229 1954 1346 1983 senes
1397 1948 1513 1994 sunt,
1558 1945 1689 1985 albent
1737 1945 1838 1985 enirn
1879 1956 2016 1986 eorum
2055 1945 2180 1999 capita
2194 1948 2232 1994 ⁵)

77 2008 242 2050 spumis.
2119 2026 2126 2028 -

99 2106 111 2149 ¹
212 2054 280 2094 Vs.
311 2052 407 2095 404.
465 2052 757 2106 Adgrediar-e,
790 2052 1045 2106 adgrediaris.
1075 2074 1129 2081 -—-
1167 2052 1222 2092 Ut
1253 2064 1418 2097 somno,
1458 2053 1559 2094 bene
1589 2053 1707 2094 deum
1738 2066 1880 2107 capere
1910 2055 2047 2096 volens
2078 2061 2230 2108 tempus

75 2107 209 2162 eegit.
436 2135 438 2140 ι
661 2121 667 2124 “

211 2165 279 2206 Vs.
308 2162 404 2206 406.
465 2163 664 2216 Species,
694 2163 831 2205 facies.

210 2220 277 2260 Vs.
307 2218 401 2261 407.
466 2218 630 2272 Tiyris,
661 2219 788 2259 bestia
814 2230 949 2260 saeva.

209 2275 275 2315 Vs.
306 2273 400 2316 408.
461 2274 671 2313 Flammae
700 2275 903 2319 sonitum,
934 2274 1061 2327 ssagor
1089 2272 1337 2324 incendium,
1369 2272 1508 2328 fragor
1535 2274 1703 2315 sonituS.

208 2330 273 2370 Vs.
303 2328 397 2372 412.
463 2328 661 2374 Tantum,
702 2329 765 2370 alii
803 2329 939 2370 dicunt
978 2332 1157 2372 tantum,
1197 2328 1261 2368 alii
1294 2333 1413 2368 tanto
1452 2329 1650 2381 mayis.⁶)
1717 2333 1898 2371 lusimus
1929 2331 2046 2372 ‹licit'z
2087 2339 2236 2385 quanto

73 2384 111 2426 le
142 2386 219 2426 itur
248 2390 287 2426 et
314 2390 436 2426 tanto.

113 2398 139 2439 g
208 2441 274 2480 Vs.
304 2439 401 2481 414.
463 2437 658 2484 Mutato,
690 2451 738 2481 eo
767 2440 941 2484 scilicet,
971 2439 1011 2479 in
1040 2437 1146 2491 quod
1176 2449 1221 2478 se
1250 2437 1612 2492 transfiguraverat.

205 2496 270 2536 Vs.
303 2493 399 2536 415.
461 2493 581 2533 Haec
610 2495 694 2540 ait,
727 2494 894 2547 Cyrene.
907 2499 945 2544 ⁷)
977 2517 1030 2523 —
1058 2490 1325 2537 Amba-osiae,
1356 2494 1557 2536 ambrosia
1586 2494 1697 2535 cibus
1728 2500 1789 2536 est
1819 2496 2008 2546 deorun13
2049 2498 2230 2543 odorem,

76 2549 250 2592 divinum
281 2550 458 2591 odorem.
2057 2572 2062 2575 -

210 2606 276 2646 Vs.
305 2603 400 2646 416.
459 2603 694 2649 Perclaecxz‘t,
725 2604 930 2658 perunxit,
968 2608 1012 2646 ut
1049 2602 1176 2656 possit
1213 2603 1450 2653 olivetnm⁸)
1491 2604 1654 2646 odorem
1697 2605 1872 2660 perferre
1909 2613 1949 2647 et
1991 2619 2070 2659 quo
2110 2610 2234 2661 possit

75 2659 235 2703 videndi
265 2660 436 2700 numinis
466 2673 592 2714 capax
621 2671 724 2700 esse.
2154 2658 2167 2667 ³

210 2715 277 2756 Vs.
306 2712 400 2756 418.
463 2714 650 2766 Specus,
680 2714 745 2755 hic
774 2726 917 2768 specus
949 2719 988 2756 et
1017 2714 1094 2754 hoc
1123 2724 1266 2767 specus
1299 2711 1451 2755 dicitur.

212 2771 279 2811 Vs.
307 2768 404 2811 420.
467 2769 610 2809 Scidit
625 2772 687 2818 ⁹),
717 2769 905 2820 effundit;
938 2768 1153 2812 reductos,
1185 2768 1341 2822 longos.

206 2869 532 2912 mearthesus.
579 2869 630 2912 96)
651 2869 755 2904 ludi.
805 2869 857 2910 ⁹7)
883 2868 992 2902 dicit
1014 2866 1152 2901 bachi.
1201 2866 1254 2908 98)
1280 2866 1317 2899 In
1342 2871 1429 2900 textu
1454 2867 1597 2913 Virgilii:
1626 2869 1879 2913 carphacim
1906 2871 1936 2901 in
1961 2871 2125 2914 margine:
2152 2871 2226 2904 alii

75 2916 116 2951 in
138 2917 381 2961 carpathio.
428 2916 482 2958 99)
505 2915 726 2960 protheus.
774 2916 807 2956 1)
833 2915 1069 2948 thesaliae.
1118 2914 1153 2954 2)
1180 2912 1350 2946 voluitne:
1385 2913 1622 2948 attribuit?
1669 2915 1703 2957 3)
1736 2915 1771 2948 In
1794 2920 1881 2948 textu
1908 2915 2048 2959 Virgilii:
2091 2919 2225 2961 turpis

76 2963 209 2997 focas.
256 2963 292 3005 4)
318 2962 395 2996 Luc.
419 2961 481 3004 111,
513 2959 591 2996 423.
638 2962 672 3003 5)
707 2971 878 3005 caprea.
925 2961 962 3001 6)
999 2959 1035 2993 In
1069 2963 1159 2993 textu
1185 2958 1309 3003 Virgilii
1342 2963 1482 3003 tanto,
1516 2962 1548 2994 in
1583 2962 1731 3006 margine
1766 2966 1941 2994 tantum.
1998 2961 2033 3003 7)
2067 2963 2225 2996 cinere.

76 3009 112 3052 8)
136 3009 289 3044 Voluitnc
314 3006 513 3043 olentem.
560 3007 595 3050 9)
619 3006 674 3041 Sic
700 3008 736 3041 in
762 3006 837 3041 cod.
861 3006 1025 3041 scribitur.
