2430 3177
1221 132 1254 178 2

1109 196 1373 214 Μ

306 269 372 309 Vs.
406 266 467 308 18.
531 263 706 303 Cerasis.
763 262 984 311 Cerasus1)
1015 261 1150 302 civitas
1181 260 1302 301 Ponti.
1360 259 1490 301 Arbor
1520 272 1696 312 cerasus,
1727 273 1887 315 pomum
1915 267 2048 304 autem
2076 262 2307 313 cerasum2)
2338 307 2343 310 ,

173 324 326 366 dicitur.
385 321 602 360 Parnasia.
649 319 843 360 Parnasus
874 328 987 358 mons
1016 318 1055 356 in
1083 317 1246 357 Boeotia
1273 316 1444 370 Apollini
1471 322 1739 358 consecratus.
1761 339 1816 346 —-
1852 315 2024 362 Cerasis.
2071 318 2308 368 Lucullus⁸)

174 385 288 434 capto
321 378 465 417 Ceraso
477 380 515 425 ⁴)
545 375 687 428 oppido
717 375 865 426 primus
895 374 935 412 in
963 372 1111 413 Italiam
1142 371 1279 411 attulit.
1598 411 1602 415 ,
1705 386 1709 388 ἡ

307 434 372 473 Vs.
407 430 469 472 19.
531 429 698 476 Subicit
727 427 887 473 umbra,
926 439 1087 480 passum
1117 427 1261 467 amictu
1291 426 1402 477 albo,
1433 431 1477 467 ut
1506 439 1688 478 corpora
1717 427 1828 466 saltu
1858 426 2067 467 subiciunt
2095 429 2140 467 in
2169 440 2296 481 equos

306 489 372 528 Vs.
405 485 470 528 20.
529 485 622 524 Hos
650 489 800 523 natura
828 483 993 527 modos,
1031 487 1075 524 ut
1101 486 1242 534 sponte
1269 487 1505 532 nascantur,
1544 489 1610 524 aut
1648 483 1697 523 de
1734 483 1948 523 seminibus
1986 483 2139 537 positae
2166 488 2234 524 aut
2263 482 2313 524 de

174 544 384 588 radicibus.
442 540 534 580 Hos
563 541 603 581 id
632 545 692 580 est
720 545 814 580 tres.
843 561 899 569 -
927 537 1131 583 Primum,
1167 537 1270 578 olim.
1317 537 1424 578 Bene
1450 538 1632 590 primum,
1658 543 1701 578 ut
1731 539 1912 580 ostendat
1930 539 2129 580 naturales
2157 538 2311 591 modOS,

175 600 267 642 duni
297 599 361 640 alii
391 609 490 649 quos
521 608 617 637 usus
648 596 830 647 repperit.

308 654 375 693 Vs.
407 651 471 693 21.
539 651 653 691 Viret
681 650 720 690 id
741 654 801 689 est
829 648 1016 689 diastoles
1045 647 1180 701 prima.
1199 669 1254 676 —
1282 645 1596 701 Fruticumque,
1625 647 1787 689 frutices
1806 650 1963 702 proprie
1982 648 2163 690 dicuntur
2180 648 2313 702 pomi-

174 710 347 751 ferarum
361 706 398 757 5)
430 708 616 748 arborum
647 706 757 758 quasi
783 704 995 745 fructifices
1007 707 1060 752 ὅ).

309 764 376 804 Vs.
408 762 474 804 22.
536 761 645 801 Sunt
685 760 782 806 alii,
823 759 1058 800 subauditur
1083 758 1204 800 modi.
1233 776 1288 788 -ι-
1326 755 1424 802 Via,
1454 759 1616 810 itinere,
1655 757 1856 808 ratione⁷J
1891 758 2048 812 propria
2058 772 2071 809 3
2109 770 2206 798 usus
2243 766 2316 812 pro

176 819 474 862 consuetudine.

308 876 375 914 Vs.
406 871 471 914 23.
529 870 719 910 Plantas.
769 869 876 910 Inter
904 869 1056 922 plantas
1087 872 1125 908 et
1153 867 1344 920 plantaria
1372 867 1450 908 hoc
1478 867 1662 908 interest:
1692 868 1847 920 plantae
1875 869 2024 920 quae⁸)
2054 867 2104 910 de
2132 869 2215 910 suis
2244 881 2316 911 ar-

175 931 335 972 boribus
356 933 591 977 nascuntur,
613 925 801 979 plantaria
822 937 923 977 quae
943 936 992 964 ex
1012 924 1227 964 seminibus
1247 927 1337 963 nata
1358 936 1446 964 cum
1466 923 1665 964 radicibus
1681 936 1702 963 e
1717 927 1820 963 terra
1839 924 1995 976 propria
2016 924 2318 967 transferuntur.

309 986 376 1025 Vs.
407 983 473 1026 24.
531 981 768 1033 Deposuit,
798 980 1017 1029 mandavit,
1049 979 1224 1021 credidit.
1286 977 1454 1031 Sulcis,
1483 979 1676 1020 fossibus.
1703 1000 1758 1008 —-
1791 978 1956 1030 Stirpes
1986 991 2060 1033 pro
2086 980 2318 1031 scrobibu83

176 1041 275 1089 haec
313 1042 430 1093 stirps
460 1039 684 1087 hominum,
713 1037 777 1076 hic
805 1038 922 1089 stirps
954 1035 1151 1076 arborum.
2281 1059 2284 1062 -

312 1096 378 1136 Vs.
409 1093 475 1136 25.
539 1091 809 1144 Quadrifidas
848 1091 888 1132 id
918 1095 979 1132 est
1007 1091 1109 1132 mali.
1167 1088 1305 1129 Aeaco
1345 1088 1498 1128 robore
1534 1101 1605 1142 pro
1646 1089 1800 1139 acuti⁹)
1836 1089 2006 1132 roboris.
2036 1115 2090 1121 —
2126 1089 2254 1134 Sudes
2283 1095 2323 1132 et

177 1151 268 1194 valli
295 1151 399 1191 idem
429 1156 533 1192 sunt.
592 1149 724 1189 Valles
755 1147 868 1197 dicit,
899 1151 942 1187 ut
970 1146 1122 1199 possint
1150 1146 1189 1185 in
1220 1149 1405 1197 quattuor
1435 1150 1567 1198 partes
1601 1144 1730 1185 dividi.

312 1207 380 1247 Vs.
410 1204 474 1247 26.
536 1204 744 1243 Silvarum
781 1202 957 1251 aliaew)
1000 1214 1071 1255 pro
1102 1201 1330 1250 arboribus3
1363 1213 1533 1252 pressos
1573 1201 1770 1251 arborum,
1801 1211 1962 1254 pressos
1992 1201 2040 1241 ab
2066 1201 2328 1244 incremnw..

179 1284 234 1291 -—
264 1259 531 1313 Propagines
561 1258 816 1312 propagando
846 1258 909 1298 vel
937 1256 1218 1310 protendendo.
1276 1256 1455 1309 Propago
1484 1256 1626 1296 vitibus
1657 1256 1866 1308 praecipue
1895 1258 2094 1309 congruit.

312 1317 379 1357 Vs.
410 1315 475 1357 27.
534 1315 805 1367 Expectant,
836 1317 988 1362 amant,
1020 1310 1178 1361 volunt,
1209 1310 1444 1352 desiderant.
1503 1311 1718 1352 Diversitas
1745 1311 1943 1351 inserendi
1973 1324 2044 1364 pro
2068 1316 2217 1365 genere
2242 1316 2322 1364 pd-

178 1384 344 1414 morum.
366 1394 421 1401 —
445 1370 546 1416 Sua,
568 1372 668 1410 bene
686 1381 770 1418 sua,
794 1369 884 1420 quia
905 1369 943 1409 in
959 1367 1237 1419 sequentibus:
1269 1365 1440 1405 Mutata
1451 1370 1506 1415 11)
1528 1379 1578 1405 ue
1599 1367 1795 1419 iynorent
1814 1365 1954 1405 subito
1973 1368 2129 1406 semina
2143 1371 2322 1406 matrem.

313 1428 379 1467 Vs.
410 1425 475 1467 28.
533 1424 613 1464 Nil
640 1423 824 1467 radicis,
856 1423 906 1462 ad
936 1427 1047 1463 antes
1074 1422 1226 1472 retulit,
1258 1435 1424 1474 quarum
1454 1423 1656 1466 cacumina
1685 1426 1814 1462 terrae
1834 1422 1974 1463 tradita
2002 1422 2224 1464 firmitatem
2251 1434 2324 1463 ra-

181 1482 279 1524 dicis
306 1483 502 1535 accipiunt
531 1487 569 1522 et
597 1486 735 1534 postea
765 1478 936 1531 desuper
961 1479 1048 1518 vitis
1078 1478 1208 1518 locum
1238 1477 1426 1530 possidet.
1457 1500 1513 1507 —-
1541 1476 1709 1530 qunt.
1750 1476 1911 1520 Cicero:
1950 1481 2046 1530 eyet
2076 1477 2152 1518 ille
2180 1480 2326 1517 senatu

184 1544 225 1579 et
249 1537 417 1591 populo
430 1540 505 1586 ¹2);
536 1536 644 1575 alter
674 1534 847 1574 alterius
878 1532 1036 1572 auxilii
1064 1537 1181 1585 eyet3
1211 1533 1302 1574 ideo
1331 1538 1561 1587 non'egent
1589 1533 1747 1574 radicis.

317 1594 382 1633 Vs.
414 1591 479 1634 29.
540 1591 760 1642 Referens,
790 1589 1017 1643 proferens,
1050 1589 1162 1640 quasi
1191 1588 1368 1630 referens
1400 1593 1439 1629 et
1467 1589 1660 1640 reddens,
1692 1601 1743 1629 ex
1773 1600 1852 1641 qua
1883 1592 2103 1630 creverunt.

315 1649 382 1688 Vs.
412 1646 478 1689 30.
544 1644 796 1685 caudicibus
825 1657 897 1696 pro
928 1643 1141 1684 codicibus.
1646 1646 1654 1649 “

317 1703 384 1744 Vs,
415 1701 480 1744 31.
546 1700 774 1752 Truditur,
812 1704 979 1752 urgente
1006 1703 1148 1740 natura
1179 1711 1230 1738 ex
1258 1696 1370 1739 arido
1398 1703 1648 1751 procreatum
1688 1697 1842 1740 diversa
1873 1709 2020 1752 genera
2049 1697 2330 1747 creationis¹³)·

186 1759 404 1815 speciertun
435 1758 690 1798 demonstrat.
722 1777 773 1784 —-
809 1753 1041 1806 Oleayina‚
1077 1753 1335 1793 derivativum
1366 1753 1414 1792 ab
1443 1753 1560 1793 oliva.
1896 1766 1897 1769 ¹

318 1815 384 1853 Vs.
415 1811 481 1854 32.
540 1811 601 1850 Et
630 1822 776 1862 saepe,
807 1808 857 1849 de
889 1809 1168 1849 mutationibus
1182 1812 1238 1857 ¹⁴)
1267 1809 1451 1860 loquitur.
1482 1831 1537 1837 —
1566 1806 1759 1858 Impune,
1790 1808 1877 1848 sine
1906 1808 2063 1849 damno.

319 1870 385 1909 Vs.
415 1866 482 1910 33.
550 1867 717 1906 Vertere
752 1865 824 1918 pro
863 1864 976 1905 verti.
1005 1885 1059 1892 —
1090 1862 1378 1917 Mutatamque
1407 1863 1537 1902 insita
1564 1863 1675 1902 mala
1685 1875 1699 1909 ‚-
1736 1865 1899 1904 mutatio
1928 1864 2003 1904 ista
2032 1872 2142 1912 mors
2171 1866 2252 1914 est,
2292 1862 2329 1904 ei

188 1929 318 1967 tamen
345 1925 452 1965 nulla
485 1928 577 1965 sunt
605 1922 759 1963 damna.
1890 1914 1894 1921 '

321 1981 388 2020 Vs.
419 1977 487 2021 34.
544 1977 777 2029 Lapidosa,
808 1975 905 2016 dura
915 1988 927 2025 3
956 1973 1180 2019 rubescere,
1210 1978 1490 2015 maturescere.
1521 1995 1574 2002 --
1609 1971 1749 2012 corna
1777 1973 1819 2013 in
1848 1973 2030 2015 arborem
2058 1984 2234 2016 cornum.

320 2037 386 2076 Vs.
413 2033 479 2076 35.
541 2033 678 2079 Quare
708 2032 822 2083 ayite
853 2044 903 2077 o;
933 2030 1031 2071 ordo
1062 2035 1148 2070 est:
1178 2042 1300 2082 quare
1327 2031 1433 2083 agite
1464 2041 1486 2070 0
1517 2029 1714 2082 agricolae
1725 2041 1737 2078 ;
1768 2030 2002 2081 tempestive
2039 2034 2168 2069 autem
2207 2039 2252 2068 se
2280 2025 2334 2068 ad

189 2092 408 2133 orationem
438 2090 643 2130 convertit.
705 2086 965 2136 Generatim,
995 2085 1219 2139 singillatim
1235 2089 1303 2135 ¹⁵).
1333 2107 1387 2114 -
1417 2082 1630 2136 Proprios
1656 2085 1866 2136 unicuique
1893 2084 2029 2138 generi
2058 2084 2256 2125 arborum.

323 2147 391 2187 Vs.
422 2143 488 2187 36.
545 2144 586 2184 F
584 2148 805 2196 ructusque
817 2143 874 2193 1ὅ)
900 2142 1015 2192 feros
1037 2146 1076 2181 et
1100 2141 1251 2193 reliqua
1261 2154 1274 2191 3
1303 2152 1488 2194 asperum
1513 2152 1695 2193 saporem
1723 2139 1921 2181 fructuum
1941 2139 2150 2181 inserendo
2172 2142 2333 2180 mutate.

325 2202 391 2241 Vs.
422 2198 488 2242 37.
551 2199 732 2252 Seynes,
765 2198 924 2252 pigrae,
962 2196 1209 2238 infecundae.
1266 2195 1441 2240 Ismara,
1472 2194 1645 2236 Ismarus
1665 2205 1779 2236 mons
1809 2200 1848 2236 et
1874 2195 1967 2235 urbs
1988 2194 2257 2243 Thraciae¹⁷).
2277 2215 2333 2223 ——

194 2256 375 2301 Iaccant,
406 2257 609 2311 eleganter
639 2255 792 2294 iaceant
821 2253 940 2303 dixit,
972 2252 1084 2305 quasi
1114 2251 1322 2304 despectae
1353 2255 1391 2291 et
1418 2250 1599 2291 incultae.

328 2314 393 2352 Vs.
425 2309 491 2353 38.
561 2310 740 2353 Vestae,
771 2309 946 2362 implere.
976 2330 1028 2336 —
1063 2305 1319 2352 Taburnum,
1352 2318 1467 2347 mons
1496 2305 1744 2358 Campaniae,
1774 2305 1816 2345 in
1835 2304 1975 2358 Apulia
2004 2304 2066 2345 vel
2085 2303 2333 2346 Sabinorum.

196 2368 279 2410 Hoc
306 2368 420 2408 dixit:
452 2369 491 2408 in
521 2366 669 2407 Ismaro
698 2365 835 2414 vinea,
865 2364 906 2403 in
936 2362 1119 2403 Taburno
1150 2362 1251 2404 oliva
1279 2361 1362 2401 fieri
1393 2362 1547 2402 debent.

329 2424 394 2463 Vs.
426 2420 493 2463 39.
558 2419 699 2473 Tuque
729 2418 852 2463 acles,
881 2430 906 2459 o
935 2417 1154 2458 Maecenas.
1219 2415 1361 2470 Tuque
1390 2417 1510 2461 acles,
1549 2415 1778 2469 imperativo
1809 2414 1939 2456 modo.
2006 2412 2120 2459 Una,
2159 2425 2236 2455 una
2263 2414 2331 2455 in-

197 2479 350 2531 cipere3
382 2478 575 2520 decurre,
606 2476 829 2516 decurrere.
1836 2508 1842 2512 ,

333 2534 397 2572 Vs.
427 2531 493 2572 [10.
559 2530 596 2569 0
637 2531 791 2575 decan
828 2529 1013 2570 Horatius
1044 2529 1115 2568 ait:
1152 2526 1263 2579 0¹⁸)
1289 2531 1330 2566 et
1361 2526 1624 2578 praesidium
1654 2530 1695 2565 et
1725 2524 1848 2565 dulce
1875 2524 2003 2564 decus
2039 2535 2176 2563 meum.
2207 2548 2260 2556 —
2295 2523 2333 2562 0

200 2588 325 2626 decus
357 2592 394 2626 et
413 2588 581 2638 reliqum
613 2585 789 2638 quamvis
821 2584 961 2624 durum
981 2595 1080 2637 opus
1109 2583 1158 2623 ab
1178 2583 1244 2624 illo
1275 2584 1558 2634 acceperit¹⁹),
1590 2587 1721 2622 tamen
1741 2580 1823 2620 vult
1841 2580 1943 2620 illius
1964 2578 2154 2620 beneficio
2173 2578 2333 2631 factum,

202 2648 243 2683 ut
272 2655 341 2696 per.
369 2642 445 2681 hoc
475 2644 637 2693 gratiani
667 2645 989 2691 consequeretur.
2295 2650 2301 2657 κ

336 2698 400 2736 Vs.
431 2694 497 2735 41.
556 2695 744 2745 Pelaqo,
775 2695 937 2748 pelagus
967 2698 1103 2746 patens
1131 2692 1172 2733 id
1201 2697 1262 2733 est
1291 2691 1472 2732 carminis
1500 2690 1722 2732 felicitatem
1753 2689 1988 2741 accipimus3
2018 2687 2095 2733 cla,
2125 2687 2175 2728 de
2203 2692 2337 2729 cetero

203 2766 315 2806 opem
345 2751 558 2804 temptanti.
629 2749 748 2793 Vela,
779 2750 979 2799 favorem,
1019 2749 1185 2801 simplici
1212 2747 1348 2802 generi
1373 2746 1556 2788 carminis
1585 2749 1741 2798 praesta
1772 2745 1963 2786 favorem.
1995 2766 2046 2773 —
2087 2742 2259 2789 Volane,
2296 2741 2336 2784 id

204 2814 264 2849 cst
292 2808 494 2860 navigans.
552 2803 745 2848 patenti,
775 2804 964 2845 secundo.
2334 2810 2338 2813 ·

340 2921 370 2961 1)
398 2919 498 2952 Cod.:
538 2926 788 2950 cereausus.
835 2915 870 2956 2)
904 2925 1142 2948 cereasum.
1189 2913 1222 2954 3)
1248 2912 1444 2947 lucilius.
1491 2915 1524 2950 4)
1548 2920 1746 2946 cerense.
1795 2911 1829 2953 5)
1855 2911 2134 2954 pomiferum.
2182 2910 2216 2952 6)
2240 2910 2336 2943 fru-

207 2967 375 2999 tifices.
424 2966 457 3005 7)
492 2965 703 3003 racione,
739 2967 773 2993 ut
798 2970 898 3003 saepe
922 2962 960 2993 ci
991 2971 1051 3003 pro
1076 2962 1126 3002 ti,
1161 2961 1210 2993 sic
1233 2971 1283 2994 vs.
1301 2957 1357 2993 31.
1385 2959 1656 2992 creacionis.
1694 2968 1742 2991 vs.
1759 2955 1816 2991 32.
1844 2957 2192 2990 motaoionihus.
2224 2952 2338 2990 vs.33

209 3012 398 3045 mutacio
432 3021 479 3043 vs.
504 3007 558 3042 35.
620 3008 884 3041 oracionem.
917 3017 965 3039 vs.
989 3005 1044 3039 44.
1092 3004 1436 3039 festinacionem
1479 3009 1541 3036 etc.
1607 3003 1644 3045 8)
1678 3003 1875 3047 ρίειιιεᾳς
1955 3003 1990 3044 9)
2036 3001 2337 3035 acuti-oborie-

211 3059 258 3097 ιο)
294 3056 431 3089 sillie.
481 3057 529 3096 ιι)
562 3058 732 3087 motata.
781 3052 830 3093 12)
866 3051 1069 3095 populos.
1118 3052 1167 3094 13)
1201 3051 1478 3084 creaeionis.
1526 3049 1577 3088 14)
1614 3050 1952 3083 motacionibus.
2001 3048 2050 3090 15)
2083 3047 2336 3092 sigillatim.

209 3105 258 3145 16)
284 3103 558 3144 fructosque.
608 3101 655 3141 17)
680 3097 894 3132 trachiae.
942 3098 991 3140 18)
1018 3098 1192 3131 oratius
1216 3098 1282 3130 ait
1303 3101 1347 3130 et
1370 3095 1659 3141 praesidium.
1707 3095 1758 3137 19)
1783 3095 2013 3138 acciperit.
2270 3115 2273 3118 ‹
