2430 3177
808 765 1204 836 wat-{1111
1245 783 1484 836 vna.
1503 781 1552 834 ⁴a

107 967 190 1021 P·
217 978 403 1034 Virgilius
431 978 858 1034 Maro,-Mantuanus,
898 982 1122 1034 parentibus
1161 981 1325 1024 modicis
1361 983 1434 1024 fuit
1472 996 1518 1024 ac
1548 985 1757 1036 praecipue
1786 991 1915 1039 patre,
1954 1000 2069 1041 quem
2104 993 2259 1044 quidam

106 1036 285 1088 opificem
313 1034 489 1089 figulum,
519 1036 651 1088 plures
673 1035 775 1088 Magi
794 1041 829 1085 ¹)
860 1038 1063 1077 cuiusdam
1093 1039 1253 1078 viatoris
1285 1039 1580 1087 mercenarium,
1613 1052 1707 1078 mox
1734 1040 1783 1079 ob
1813 1041 2041 1085 industriam
2071 1059 2259 1099 generum

102 1089 372 1139 tradiderunt,
415 1091 653 1142 egregieque
691 1091 909 1129 substantia
950 1091 1058 1128 silvis
1090 1090 1317 1129 coemendis
1360 1096 1397 1130 et
1428 1092 1564 1143 apibus
1595 1093 1776 1133 curandis
1816 1097 1976 1136 auxisse
2010 1101 2198 1153 regulam.
2220 1105 2259 1153 ²)

104 1142 235 1185 Natus³
265 1149 326 1184 est
357 1144 428 1183 Gn.
458 1143 640 1195 Pompeio
670 1143 813 1198 Magno
854 1149 891 1184 et
928 1143 977 1183 M.
1007 1144 1153 1185 Licinio
1187 1142 1330 1184 Crasso
1362 1145 1529 1196 primum
1560 1157 1663 1186 coss.
1692 1146 1827 1187 iduum
1859 1150 2084 1193 Octobrium
2126 1156 2187 1196 die
2222 1160 2261 1197 jn

103 1210 242 1253 pago,
271 1199 336 1250 qui
366 1197 499 1238 Andes
537 1198 678 1239 dicitur
716 1204 755 1238 et
793 1199 904 1239 abest
940 1211 961 1237 a
990 1198 1149 1240 Mantua
1186 1212 1264 1239 non
1299 1200 1448 1252 procul.
1506 1200 1731 1254 Praegnans
1770 1216 1857 1244 curn
1885 1212 2010 1247 mater
2039 1211 2259 1262 somniavit,

105 1255 261 1294 enixam
288 1265 333 1293 se
360 1254 537 1294 laureum
567 1266 733 1304 ramum,
766 1266 882 1305 quem
914 1259 1092 1295 contacta
1114 1257 1152 1303 ⁸)
1184 1259 1287 1296 terra
1319 1255 1516 1295 coaluisse
1547 1260 1584 1295 et
1602 1259 1827 1298 excrevisse
1855 1260 1957 1302 illico
1990 1263 2057 1315 [in]
2088 1267 2259 1317 speciem

104 1314 282 1350 maturae
312 1309 463 1349 arboris
493 1307 743 1361 refertaeque
771 1310 890 1349 variis
920 1310 1047 1361 pomis
1079 1314 1118 1359 et
1145 1310 1330 1360 floribus,
1371 1323 1418 1350 ac
1447 1315 1636 1362 sequente
1661 1312 1749 1352 luce
1778 1326 1866 1354 cum
1894 1318 2034 1357 marito
2062 1331 2130 1359 rus
2160 1334 2259 1372 pro—

104 1364 293 1416 pinquum
325 1368 462 1417 petens
493 1376 544 1402 ex
572 1364 709 1404 itinere
738 1364 904 1404 devertit
932 1369 1050 1416 atque
1076 1365 1116 1404 in
1146 1365 1320 1406 subiecta
1350 1364 1458 1405 fossa
1476 1370 1590 1418 partu
1608 1366 1735 1407 levata
1754 1371 1792 1416 ⁴)
1826 1375 1898 1410 est.
1956 1371 2100 1413 Ferunt
2124 1375 2258 1415 infan-

104 1425 197 1468 tem,
228 1424 272 1460 ut
300 1420 350 1459 sit
379 1418 519 1468 editus,
548 1430 678 1470 neque
704 1420 865 1473 vagisse
894 1424 933 1458 et
962 1420 1060 1460 adeo
1090 1420 1172 1460 miti
1190 1420 1298 1460 vultu
1327 1419 1464 1470 fuisse,
1494 1425 1538 1461 ut
1558 1421 1662 1460 haud
1683 1421 1839 1463 dubiam
1867 1436 1976 1477 spem
2000 1432 2258 1483 prosperioris

104 1475 310 1528 geniturae
332 1474 409 1513 iam
438 1479 520 1514 tum
549 1473 673 1523 daret,
705 1480 743 1514 et
772 1475 941 1516 accessit
968 1475 1073 1515 aliud
1103 1476 1363 1528 praesagium.
1423 1475 1621 1527 Siquidem
1640 1477 1751 1531 virga
1772 1480 1937 1531 populea
1957 1494 2069 1522 more
2087 1487 2258 1538 regionis

104 1530 144 1568 in
173 1529 389 1582 puerperiis
420 1528 560 1568 eodem
590 1530 719 1569 statim
748 1530 837 1569 loco
864 1529 1031 1581 depacta
1059 1530 1112 1583 ila
1141 1530 1251 1569 brevi
1270 1530 1414 1569 evaluit
1440 1536 1629 1581 tempore,
1659 1537 1702 1572 ut
1721 1534 1843 1574 multo
1862 1540 1952 1575 ante
1969 1542 2074 1577 satas
2095 1541 2259 1591 populos

105 1583 420 1636 adaequavisset,
451 1595 553 1634 quae
583 1583 700 1623 arbor
718 1584 868 1637 Virgilii
899 1597 948 1623 ex
979 1597 1026 1625 eo
1057 1584 1158 1624 dicta
1188 1589 1305 1635 atque
1335 1585 1450 1639 etiam
1481 1591 1710 1625 consecrata
1741 1593 1800 1627 est
1828 1600 1981 1630 summa
2011 1594 2258 1644 gravidarum

104 1651 151 1679 ac
188 1639 356 1680 fetarum
385 1638 602 1691 religione,
640 1643 679 1678 et
707 1639 1003 1690 suscipientium
1032 1639 1085 1678 ibi
1123 1644 1161 1679 et
1188 1639 1423 1690 solventium
1452 1643 1557 1679 vota.
1624 1639 1734 1681 Initia
1764 1645 1902 1683 aetatis
1933 1645 2151 1688 Cremonae
2181 1651 2260 1703 egit

102 1705 231 1746 usque
260 1693 309 1733 ad
335 1693 486 1733 virilem
515 1697 669 1747 togam,
708 1705 827 1745 quam
856 1693 958 1734 XVII
989 1705 1091 1734 anno
1121 1694 1240 1733 natali
1269 1705 1344 1734 suo
1374 1696 1524 1746 accepit
1561 1695 1700 1736 iisdem
1745 1697 1819 1737 illis
1851 1701 2079 1742 consulibus
2118 1704 2258 1744 iterum

103 1749 271 1799 duobus,
303 1749 443 1800 quibus
474 1752 558 1788 erat
586 1753 715 1799 natus,
747 1750 970 1800 evenitque,
1001 1753 1044 1789 ut
1071 1761 1118 1789 eo
1148 1750 1235 1801 ipso
1262 1749 1325 1789 die
1343 1749 1546 1789 Lucretius
1566 1755 1681 1802 poeta
1703 1751 1922 1794 decederet.
1968 1756 2045 1796 Sed
2074 1758 2258 1812 Virgilius

103 1817 125 1846 a
147 1804 340 1844 Cremona
359 1803 621 1843 Mediolanum
653 1809 692 1844 et
719 1804 810 1843 inde
839 1805 955 1857 paulo
983 1809 1073 1857 post
1102 1805 1242 1845 transit
1269 1805 1321 1843 in'
1338 1805 1490 1846 urbem.
1549 1804 1724 1859 Corpore
1745 1812 1783 1847 et
1802 1812 1951 1851 statura
1979 1810 2053 1852 fuit
2082 1814 2255 1866 grandiS,

103 1860 233 1912 aquilo
255 1862 294 1908 ⁵)
327 1859 481 1908 colore,
512 1858 614 1899 facie
641 1859 865 1909 rusticana,
895 1859 1118 1900 valetudine
1146 1861 1267 1909 varia,
1299 1872 1388 1899 nam
1417 1860 1648 1912 plerumque
1676 1874 1698 1901 a
1727 1864 1932 1905 stomacho
1960 1870 1999 1905 et
2027 1878 2049 1906 a
2077 1867 2256 1909 faucibus

44 1962 45 1968 ¹
102 1927 150 1955 ac
179 1914 316 1955 dolore
346 1915 480 1966 capitis
509 1913 733 1964 laborabat,
773 1915 1004 1968 sanguinem
1046 1916 1158 1955 etiam
1189 1926 1308 1967 saepe
1336 1916 1494 1964 reiecit3
1535 1916 1610 1956 cibi
1638 1916 1796 1969 vinique
1824 1919 1992 1971 minimi,
2013 1925 2051 1970 ὓ)
2089 1923 2257 1964 libidinis

103 1969 314 2024 in'pueros
343 1968 553 2021 pronioris,
573 1973 610 2017 ⁷)
641 1981 809 2021 quorum
839 1971 1008 2009 maxime
1038 1969 1172 2009 dilexit
1192 1969 1375 2009 Cebetem
1406 1976 1444 2010 et
1461 1969 1742 2023 Alexandrum,
1774 1985 1890 2024 quem
1921 1977 2094 2017 secunda
2125 1979 2256 2020 huco-

100 2025 268 2066 licorum
298 2025 436 2078 ecloga
465 2023 620 2064 Alexim
652 2024 840 2076 appellat,
882 2024 1065 2065 donatum
1095 2025 1168 2064 sibi
1198 2024 1245 2064 ab
1265 2023 1402 2065 Asinio
1426 2025 1621 2075 Pollione,
1658 2032 1870 2079 utrumque
1898 2042 1978 2071 non
2007 2032 2254 2085 ineruditum,

104 2080 288 2121 Cebetem
319 2092 413 2119 vero
445 2085 482 2119 et
510 2084 678 2131 poetam.
736 2079 947 2132 Vulgatum
970 2084 1030 2119 est
1059 2091 1276 2120 consuesse
1296 2083 1333 2128 5)
1366 2093 1455 2122 eum
1488 2085 1635 2120 etcum
1654 2081 1773 2123 Plotia
1797 2082 1938 2135 Gleria,
1970 2087 2041 2126 sed
2059 2086 2255 2128 Asconius

102 2135 293 2176 Pedianus
323 2134 512 2183 adfirmat,
543 2136 668 2187 ipsam
698 2138 835 2186 postea
866 2134 1053 2174 maiorem
1082 2139 1177 2174 natu
1205 2147 1366 2179 narrare
1393 2135 1561 2185 solitam,
1591 2136 1794 2177 invitatum
1825 2140 1981 2191 quidem
2011 2153 2033 2181 a
2061 2143 2177 2184 Vario
2207 2143 2256 2183 ad

104 2191 420 2232 communionem
451 2191 534 2239 sui,
564 2202 701 2230 verum
730 2189 1038 2242 pertinacissime
1066 2201 1286 2229 recusasse.
1357 2189 1496 2231 Cetera
1526 2203 1623 2231 sane
1652 2194 1754 2233 vitae
1783 2197 1822 2233 et
1852 2206 1922 2235 ore
1951 2200 1990 2235 et
2017 2197 2146 2240 animo
2176 2203 2254 2239 tam

102 2246 225 2299 proba
255 2246 411 2296 [fuisse]
433 2248 471 2294 ⁹)
504 2249 680 2294 constat,
717 2250 760 2284 ut
788 2243 949 2297 Neapoli
980 2244 1203 2284 Parthenias
1239 2245 1359 2299 vulgo
1401 2246 1615 2298 appellatus
1655 2249 1726 2297 sit,
1767 2260 1814 2288 ac
1842 2249 1877 2288 si
1905 2250 2062 2301 quando
2090 2252 2252 2304 Romae,

103 2313 182 2353 quo
211 2301 411 2341 rarissime
439 2300 703 2349 commeabat,
732 2300 926 2340 viseretur
952 2300 991 2338 in
1020 2299 1175 2351 publico
1207 2300 1392 2340 sectantis
1422 2301 1804 2354 demonstrantisque
1833 2315 1877 2343 se
1906 2305 2108 2359 suffugere
2137 2307 2252 2358 [soli-

67 2399 72 2402 ,
103 2357 181 2407 tus]
206 2359 261 2405 ¹⁰)
292 2356 331 2395 in
361 2356 582 2408 proximum
610 2359 768 2395 tectum.
827 2354 934 2394 Bona
963 2367 1057 2394 vero
1089 2355 1291 2394 cuiusdam
1322 2355 1515 2396 exulantis
1545 2356 1734 2396 offerente
1753 2357 1934 2411 Augusto
1964 2372 2041 2399 non
2070 2363 2254 2404 sustinuit

104 2412 293 2465 accipere.
351 2411 530 2451 Possedit
566 2421 688 2462 prope
728 2410 874 2449 centies
914 2409 1137 2449 sestertium
1177 2422 1227 2448 ex
1264 2410 1557 2451 liberalitatibus
1600 2412 1812 2451 amicorum
1853 2413 2062 2466 habuitque
2092 2416 2251 2458 domum

104 2466 286 2518 Esquiliis
315 2466 424 2506 iuxta
442 2465 579 2506 hortos
600 2464 851 2514 Maecenatis,
885 2476 1120 2516 quamquam
1140 2476 1303 2503 secessu
1326 2465 1558 2516 Campaniae
1575 2465 1807 2517 Siciliaeque
1835 2468 2043 2519 plurimum
2064 2477 2249 2513 uteretur.

104 2521 287 2561 Parentes
314 2522 391 2561 iam
419 2520 578 2574 grandis
608 2521 759 2569 amisit,
800 2532 849 2559 ex
879 2520 1018 2571 quibus
1049 2519 1174 2558 Palem
1198 2522 1252 2567 ¹¹)
1292 2524 1446 2571 captum
1476 2521 1599 2560 oculis
1640 2525 1676 2559 ct
1716 2521 1815 2561 duos
1852 2522 1993 2564 fratres
2023 2539 2248 2579 germanos,

105 2576 278 2618 Silonem
304 2577 560 2628 impuberem,
591 2575 772 2625 Flaccum
801 2575 877 2614 iam
907 2574 1094 2623 adultum,
1127 2575 1238 2613 cuius
1269 2575 1413 2614 exitum
1446 2575 1518 2614 sub
1549 2576 1705 2615 nomine
1734 2576 1948 2628 Daphnidis
1977 2579 2103 2620 deflet.
2145 2581 2250 2622 Inter

106 2636 236 2671 cetera
257 2631 383 2671 studia
395 2631 609 2671 medicinae
620 2642 777 2682 quoque
797 2642 843 2669 ac
864 2630 1031 2670 maxime
1053 2629 1348 2669 mathematicae
1367 2641 1524 2681 operam
1538 2630 1663 2678 dedit3
1686 2631 1764 2683 egit
1787 2636 1824 2671 et
1842 2645 2000 2674 causam
2017 2636 2119 2688 apud
2139 2637 2247 2677 iudi—

106 2697 173 2727 ces
192 2698 310 2726 unam
331 2687 487 2726 omuino
516 2698 588 2726 nec
609 2685 774 2737 amplius
793 2697 910 2737 quam
931 2684 1075 2736 semel,
1105 2697 1195 2724 nam
1226 2689 1264 2724 et
1292 2685 1331 2724 in
1360 2695 1542 2725 sermone
1570 2685 1835 2726 tardissimum
1866 2700 1912 2729 ac
1939 2701 2064 2741 paene
2091 2692 2248 2733 indocto

208 2863 210 2867 ,
239 2830 276 2873 4’)
301 2830 347 2863 Ea
373 2831 434 2863 vita
463 2835 532 2868 est,
562 2841 646 2874 qnae
670 2831 712 2864 ad
736 2829 895 2863 Donatum
920 2835 1084 2863 auctorem
1108 2830 1244 2863 refertur
1279 2835 1309 2862 et
1333 2841 1351 2863 a
1376 2829 1560 2863 Burmanno
1585 2831 1676 2872 (vol.
1694 2831 1717 2864 Ι.
1742 2843 1774 2875 p.
1791 2831 1969 2874 l—XlV.)
2005 2834 2140 2878 aliisque
2162 2837 2246 2872 edita

107 2882 166 2910 est.
215 2877 248 2918 1)
274 2877 327 2909 Sic
349 2879 381 2909 in
404 2876 475 2908 cod.
503 2876 627 2917 legitur,
652 2887 715 2908 non
743 2875 883 2916 Magii.
929 2875 963 2916 2)
992 2875 1151 2908 Nonnulla
1175 2876 1273 2909 verba
1301 2875 1353 2909 hic
1377 2877 1534 2909 excidisse
1558 2877 1715 2909 videntur.
1757 2877 1807 2910 Cf.
1832 2878 2005 2912 Burmanni
2031 2880 2105 2912 edit.
2151 2882 2186 2922 3)
2210 2884 2246 2917 In

107 2923 182 2956 cod.
208 2922 341 2966 legitur:
367 2927 598 2955 contracta.
645 2922 680 2962 4)
704 2922 738 2954 ln
764 2923 877 2954 codice
903 2928 970 2954 est:
997 2921 1173 2955 leviata.
1221 2922 1255 2962 5)
1281 2922 1314 2954 ln
1340 2922 1454 2955 codice
1481 2922 1614 2963 legitur:
1639 2923 1772 2966 aquili
1798 2924 1960 2956 colore.
1994 2925 2027 2965 6)
2051 2925 2085 2958 ln
2111 2927 2243 2962 codice:

108 2969 289 3001 minime.
352 2968 386 3008 1)
413 2967 571 3010 Scriptum
590 2969 685 3000 estin
702 2968 833 2999 codice:
858 2968 1053 3010 pronior.
1080 2967 1145 3000 his
1171 2978 1346 3012 quorum
1373 2969 1432 3000 rel.
1478 2969 1513 3011 8)
1532 2968 1566 3000 ln
1583 2968 1712 3001 codice:
1739 2971 1978 3002 consuisse.
2011 2971 2045 3012 9)
2064 2971 2097 3003 ln
2114 2973 2244 3009 codice:

110 3019 188 3046 tam
210 3009 366 3057 probai
390 3017 573 3046 constat.
621 3013 671 3054 10)
694 3012 869 3045 Solitus
894 3013 988 3045 deest
1006 3014 1042 3044 in
1067 3009 1190 3046 co'dice.
1250 3014 1298 3055 11)
1324 3013 1464 3047 Palem
1488 3015 1519 3046 in
1545 3014 1658 3047 codice
1681 3014 1815 3058 legitur,
1851 3025 1916 3048 non
1940 3020 2112 3058 patrem.

1826 3058 1846 3101 1
