2430 3177
1105 146 1154 163 γ
1206 80 1268 128 12

293 216 359 257 Vs.
386 215 452 258 45.
510 216 608 256 Huc
636 216 747 254 ades.
805 213 911 254 Ades
942 203 1192 266 imperativus
1223 218 1295 253 est.
1352 211 1519 252 Delicias
1548 209 1790 262 rusticorum*
1809 208 1942 249 laudat
1968 203 2179 262 pueros-f
2207 207 2304 248 Huc

163 269 274 311 ades.
331 271 554 326 Allegorice
581 284 650 324 per
683 270 836 310 diversa
866 281 1011 323 genera
1041 268 1192 321 olerum
1230 267 1281 308 ad
1308 267 1413 307 varia
1450 270 1665 305 metrorum
1696 262 1979 316 Caesaremffl)
2008 264 2164 322 invitat„
2291 274 2293 277 ·

294 337 359 379 Vs.
388 336 454 378 46.
518 334 715 376 calathis.
774 329 956 375 Calathus
986 330 1112 387 genus
1142 339 1202 375 est
1232 326 1401 374 canistri.
1466 329 1562 369 Tibi
1591 328 1720 375 Nais‚'
1741 326 1909 370 tihi‘fe'rt
1926 324 2032 382 Nais,
2063 330 2136 370 dea
2163 335 2303 384 pasto-

162 391 268 441 ralis,
297 392 361 432 vel
389 395 466 433 una
495 392 544 431 de
571 390 772 443 Nymphis,
804 390 912 431 cuius
944 388 1213 429 diminutivum
1241 388 1386 429 Naidis.
1809 422 1813 426 .
1970 392 1973 394 ’
2203 388 2206 391 ’
2292 396 2294 398 ’

295 457 362 497 Vs.
390 456 456 497 47.
506 455 752 500 Pallentes,
784 457 985 496 micantes.
1054 454 1217 498 Violas‚
1255 453 1444 494 vaccinia.
1506 450 1668 489 Summa
1694 462 1930 501 papavera,
1955 450 2109 500 herba,¹
2141 461 2242 500 quae
2268 449 2308 505 in

165 522 324 604 sunllmss·
346 513 513 566 'granum
541 512 670 570 hab-et.
732 509 929 568 Car-pens,
962 509 1164 564 colligens.
1185 532 1239 538 ——
1258 509 1326 549 His
1356 507 1534 549 omnihus
1567 506 1774 548 Caesarem
1803 506 1938 546 invitat
1967 508 2005 545 et
2033 504 2308 559 gloriamei-us

165 577 229 604 mu
247 570 272 604 t1
315 571 401 606 icat.
1617 590 1621 596 ι
1922 586 1927 593 ,
1976 602 1980 606 ,
2109 605 2111 607 ,
2297 601 2299 603 ,

225 619 233 621 ’
274 578 362 660 st.
392 619 459 662 48.
511 614 767 660 Narcissum.
829 620 1034 662 Narcissus
1064 619 1137 659 flos
1168 612 1249 669 est,
1287 618 1352 670 qui
1381 616 1612 657 credebatur
1649 615 1698 655 de
1729 626 1850 666 puero
1879 613 2177 663 transformatus
2208 606 2310 672 esse.

164 673 370 715 Narcissus
399 675 472 716 fuit
499 675 599 715 fitius
631 676 832 728 ApolliniS,
863 676 929 728 qui
957 675 1098 715 dicitur
1115 686 1214 728 puer
1230 683 1444 725 convers-us
1465 672 1505 711 in
1523 671 1660 717 florem
1681 682 1703 710 a
1722 667 1911 723 Nymphis
1924 680 1996 727 eas
2019 670 2309 721 contempnens.

172 727 335 768 Olentis
366 731 592 783 grava-vel
620 731 711 771 boni
742 730 887 780 odoris.
2153 722 2156 730 Α

299 795 365 834 Vs.
394 794 461 836 49.
494 785 498 789 “
526 794 676 840 Casia,
708 796 910 837 ablativus.

298 859 364 900 Vs.
396 859 461 901 50.
521 859 691 905 Mollia,
722 866 828 901 tactu
857 861 1022 912 plumae.
1082 857 1285 909 linteola,
1315 858 1543 907 rubicunda,
1574 858 1614 897 in
1645 869 1722 909 quo
1751 856 1858 897 forne
1885 856 2057 896 omnium
2087 856 2313 909 pigmento-

165 925 251 952 rum
277 914 501 967 pinguntur,
532 916 595 955 vel
623 926 750 968 genus
777 915 925 955 herbae
953 915 1143 967 propriae.
1163 936 1218 943 —
1247 912 1414 965 Pinyit,
1445 913 1652 965 componit.
1681 934 1734 941 --
1765 910 1921 949 Mollia
1940 910 2130 948 vaccinia
2155 908 2315 948 luteola

168 967 309 1006 caltha
334 969 565 1021 pinyit,-id
591 974 674 1019 ests
696 970 787 1009 dum
817 969 934 1010 flores
964 970 1027 1008 isti
1053 970 1153 1008 inter
1181 980 1225 1008 se
1253 969 1480 1020 iunguntur,
1513 969 1700 1018 picturam
1730 966 1939 1006 imitantur.
1984 962 2151 1016 Caltlza,
2178 964 2313 1014 herba,

169 1034 270 1073 quae
298 1036 420 1077 prope
448 1024 612 1064 stabulis
643 1036 830 1076 pecorum
859 1024 1043 1064 nascitur.
1102 1021 1282 1061 Lutecia
1313 1021 1469 1073 caltha,
1500 1022 1593 1061 lutei
1623 1021 1779 1061 coloris.
2099 1028 2103 1034 '

299 1089 366 1128 Vs.
395 1087 461 1129 51.
520 1086 615 1139 Ipse
644 1101 722 1139 eya
754 1089 859 1128 omni
886 1094 925 1128 te
954 1088 1126 1126 carmine
1153 1087 1301 1127 rustico
1321 1083 1379 1133 ²⁶)
1410 1098 1637 1137 persequar.
1706 1078 1938 1136 Lanuyincj
1967 1085 2029 1124 vel
2057 1083 2106 1124 de
2132 1083 2317 1137 lanugine

125 1153 138 1166 ’Ἴ
167 1142 313 1183 barbae
331 1154 427 1184 suae
456 1141 638 1192 dicit‚³³ac
657 1146 713 1190 ²⁹)
746 1143 779 1182 si
799 1142 957 1192 diceret,
989 1145 1027 1181 et
1055 1150 1145 1180 cum
1173 1142 1245 1180 sim
1275 1140 1439 1189 iuvenis,
1471 1148 1542 1179 cur
1562 1151 1623 1189 me
1641 1139 1803 1191 refugis,
1834 1139 1911 1178 hoc
1931 1144 2003 1189 est,
2026 1139 2316 1191 Octaviam-³⁰)

169 1197 231 1236 vel
261 1209 368 1249 puer.
399 1219 454 1226 -—
489 1195 617 1248 Cana,
647 1197 746 1238 alba.
811 1195 983 1247 Tenera,
1014 1207 1103 1234 cum
1132 1200 1277 1234 tenera.
1343 1191 1459 1231 Cana
1486 1193 1609 1244 mala,
1639 1193 1802 1233 candida
1825 1203 1952 1246 poma,
1983 1193 2046 1233 v'el
2074 1202 2211 1246 genus
2229 1192 2318 1233 hir-

169 1256 313 1292 sutum.
377 1250 533 1290 Teum-a
562 1251 773 1303 lanu9i71e‚
804 1251 843 1290 id
873 1255 933 1290 est
961 1250 1185 1302 lanuginem
1212 1248 1407 1288 habentia.
1578 1265 1583 1267 ·
1628 1264 1635 1267 -

302 1317 367 1356 Vs.
398 1315 463 1357 52.
527 1315 831 1368 Castaneasque
871 1327 1006 1353 nuces.
1075 1314 1204 1354 Nuces
1244 1313 1426 1353 dicuntur
1464 1314 1592 1352 omnia
1630 1324 1766 1364 poma,
1811 1324 1913 1363 quae
1951 1311 2090 1353 durum
2134 1312 2319 1353 corticem

169 1372 333 1421 habent,
373 1371 462 1412 ideo
493 1383 582 1411 cum
612 1371 830 1412 adiectione
858 1375 1142 1421 castaneasque
1169 1379 1292 1407 nuces
1323 1367 1439 1411 dixit,
1479 1379 1580 1418 quae
1610 1372 1738 1407 autem
1768 1367 1943 1418 mollem,
1983 1374 2097 1408 cerea
2125 1367 2238 1408 mala.
2265 1389 2321 1397 —·

171 1423 409 1480 Amaryllis,
438 1426 562 1466 amica
591 1430 658 1466 aut
685 1425 819 1466 Roma.
879 1424 1123 1477 Amaryllis,
1152 1423 1278 1464 uvitas
1298 1424 1354 1470 31)
1386 1434 1457 1474 pro
1487 1421 1710 1462 Octaviano·
1733 1422 1884 1462 dicitur.

305 1493 371 1531 Vs.
401 1489 467 1533 53.
531 1489 670 1535 Cerea,
702 1496 865 1532 matura.
923 1489 1072 1528 Honos
1103 1490 1195 1529 erit.
1253 1489 1468 1529 Diversitas
1499 1487 1674 1532 colorum
1702 1488 1892 1540 picturam
1921 1487 2103 1544 imitatur.

174 1611 198 1652 d
305 1557 372 1597 VS.
403 1555 470 1598 54.
527 1556 589 1598 Et
618 1571 688 1598 vos
719 1556 849 1602 lauri,
877 1557 1051 1610 nigratas
1079 1555 1231 1595 habetis
1259 1555 1391 1595 bacas.
1455 1551 1655 1605 Carpum,
1686 1553 1838 1611 tollam.
1887 1550 2116 1604 Proxima,
2142 1552 2231 1605 loco
2259 1547 2322 1594 vel

200 1612 214 1652 i
269 1612 371 1652 itate·
1460 1641 1462 1649 ,

215 1623 266 1665 gn
308 1667 374 1707 Vs.
405 1667 471 1709 55.
527 1666 726 1716 positae,
765 1662 1001 1719 posuerunt:
1040 1665 1193 1717 positae
1219 1666 1403 1716 quoniam
1422 1665 1478 1712 ³²)
1517 1662 1672 1715 passiva
1710 1662 1909 1715 participia
1946 1661 2171 1713 frequenter
2199 1667 2321 1716 agunt

178 1732 265 1762 cum
295 1723 436 1775 poetis.
496 1721 701 1774 Miscetis,
731 1723 815 1762 sive
842 1720 1040 1774 Nymphas
1071 1721 1154 1774 sive
1183 1719 1352 1772 virgulta
1380 1717 1581 1770 praedicit.

309 1788 376 1830 Vs.
404 1786 469 1829 56.
529 1787 727 1826 Rusticus
756 1799 796 1826 es
831 1784 1047 1839 Corydon,
1086 1784 1136 1825 ad
1165 1790 1289 1825 semet
1317 1785 1444 1836 ipsum
1472 1783 1643 1835 loquitur
1670 1785 1788 1835 poeta
1811 1781 1875 1822 vel
1902 1787 2047 1834 pastor.
2111 1780 2204 1822 Nec
2240 1795 2320 1822 mu-

179 1853 291 1894 nera,
320 1855 395 1882 nec
423 1844 608 1893 carmina,
638 1854 740 1894 quae
768 1841 818 1882 ad
846 1841 1037 1882 honorem
1066 1841 1102 1879 ei
1130 1839 1237 1880 dixit.
1293 1838 1459 1890 Alexis,
1487 1850 1584 1891 puer
1610 1837 1674 1877 vel
1705 1836 1860 1877 Caesar.
1891 1858 1945 1865 —

314 1896 534 1949 Rusticus,
565 1909 662 1937 coco
688 1898 809 1938 utitur
834 1901 873 1936 et
900 1895 1094 1949 significat
1122 1919 1165 1944 -,
1181 1917 1600 1926 --------
1611 1916 1656 1923 --
1686 1892 1873 1939 viciorem
1911 1902 1956 1931 se
1985 1902 2092 1940 esse,
2135 1892 2202 1943 qui
2241 1897 2325 1933 erat

182 1950 375 1992 dominus.
443 1952 2015 1999 Rust---------------------÷-—--
2054 1945 2323 2001 ydonVirgi-

181 2005 1594 2046 lius------------------------
1625 2023 1987 2034 -------
2016 1999 2326 2044 AlexisCaesar

185 2084 884 2093 -------------
892 2054 2326 2111 '-‚----——--·---·----—Caesar*eiusingenio

186 2132 1054 2148 -—-------------·-
1084 2137 1391 2146 ------
1414 2161 1418 2165 ,
1421 2133 2008 2146 -----------
2032 2111 2326 2152 -lludidest

187 2191 1506 2203 ------------------------
1528 2177 1561 2198 ·-
1592 2189 1618 2197 -
1649 2189 1674 2197 -
1705 2189 1731 2197 -
1763 2188 1788 2196 -
1820 2188 1845 2196 -
1876 2188 1901 2196 -
1929 2188 1955 2197 -
2002 2177 2080 2205 unc
2116 2166 2327 2206 Pollionem

188 2243 2070 2258 ----------------------------------
2113 2233 2151 2260 m
2190 2220 2230 2261 id
2267 2225 2328 2262 est

190 2298 1956 2316 --------------------------------
1986 2279 2065 2315 est.
2101 2276 2231 2316 omnia
2259 2276 2328 2316 tibi

192 2331 1338 2377 -----“---------------,-ἐ
1369 2353 1780 2364 --------
1800 2376 1801 2379 Ἴ
1810 2352 2060 2362 -----
2089 2330 2329 2384 velpficiens

193 2407 2122 2422 -----------------------------------
2164 2389 2329 2427 suentus

195 2462 2074 2476 ----------------------------------
2132 2443 2329 2480 temuntur

325 2506 391 2546 Vs.
423 2506 488 2548 57.
547 2507 699 2561 Iollas,
737 2509 835 2550 alius
872 2513 1027 2561 pastor,
1067 2511 1217 2548 amator
1253 2519 1485 2560 puerorum,
1528 2506 1591 2546 vei
1624 2504 1871 2556 Pollio‚==qui
1906 2509 1944 2545 et
1975 2505 2060 2558 ipse
2087 2508 2203 2556 poeta
2232 2508 2328 2546 erat.

197 2559 453 2614 Muneribus,
480 2564 735 2616 poematibus.
755 2566 811 2612 ³⁴)
875 2561 1100 2614 concedet,
1127 2562 1167 2602 id
1195 2567 1276 2602 est:
1304 2573 1384 2601 non
1412 2560 1602 2601 concedet
1629 2561 1762 2610 Pollio,
1793 2563 1837 2599 ut
1863 2560 1990 2600 carior
2015 2559 2080 2598 illo
2111 2560 2197 2599 sim.

329 2627 394 2667 Vs.
425 2625 489 2669 58.
552 2627 664 2672 Quid
702 2628 815 2666 volui
849 2627 1021 2680 floribus
1061 2631 1262 2679 austrum,
1300 2631 1338 2667 et
1364 2631 1436 2667 -est
1469 2638 1634 2667 sensus:
1670 2625 1822 2676 omnia,
1861 2636 1963 2676 quae
1999 2623 2067 2663 tibi
2094 2624 2329 2678 {praeparavi

198 2682 426 2722 conturbata
455 2687 546 2722 sunt
574 2688 612 2723 et
639 2682 696 2721 sic
724 2681 928 2734 dissipata,
967 2681 1294 2734 quemadmodum
1324 2687 1456 2723 auster
1483 2681 1600 2722 flores
1629 2680 1803 2734 dissipat.
1860 2679 1945 2720 Hoc
1978 2678 2041 2719 vel
2073 2679 2123 2720 ad
2149 2689 2327 2733 puerum,

200 2737 261 2777 vel
289 2737 338 2779 ad
368 2736 573 2778 Caesarem
601 2736 705 2787 dicit,
733 2735 869 2777 dolens
898 2748 970 2778 sua
999 2737 1169 2779 carmina
1198 2735 1356 2790 despici.

334 2936 446 2978 27)1u
471 2935 583 2969 codice
607 2935 742 2980 legiture
776 2926 938 2969 variam
960 2939 1017 2978 et,
1044 2932 1185 2968 rorum
1219 2923 1441 2975 cessarem.
1484 2932 1537 2975 ²8)
1571 2930 1701 2967 Codex:
1732 2933 1956 2966 rusticum.
2010 2930 2062 2972 29)
2086 2927 2217 2964 Codexz
2242 2927 2330 2973 hac.

203 2983 254 3023 ³0)
280 2979 379 3015 Cod.:
404 2978 671 3019 octavianae
724 2981 774 3024 81)
801 2981 854 3014 Sic
867 2981 981 3020 codex.
1014 2977 1296 3021 ‘.,Scribt²,nduninc>
1321 2985 1373 3014 est
1402 2978 1574 3022 uditas,
1604 2989 1645 3012 an
1678 2977 1901 3013 uviditas?
1957 2976 2009 3020 π)
2031 2976 2068 3010 In
2091 2974 2234 3009 codices
2254 2975 2331 3020 qffi.

204 3029 255 3069 aa)
279 3027 315 3061 ln
338 3027 465 3061 codice:
489 3026 699 3071 nimphae.
744 3027 796 3069 ³4)
822 3026 951 3061 Codex:
975 3026 1192 3071 pontibus.
