2430 3177
1165 87 1230 134 25

1071 154 1336 170 W&

260 217 327 259 Vs.
358 214 424 258 63.
483 215 668 262 Interea,
700 215 791 256 dum
819 215 918 256 haec
947 215 1001 256 ita
1030 221 1202 270 aguntur
1211 229 1224 267 3
1254 220 1446 268 superat,
1476 216 1658 271 subpetit.
1688 241 1742 249 —
1787 217 1897 258 Dum
1927 219 2039 260 laetu
2068 222 2268 271 inventas,

129 272 272 314 florent
300 283 456 326 greges.

262 328 329 367 Vs.
361 326 427 370 64,
486 326 652 374 Mures,
687 325 885 366 masculos
897 338 908 375 3
944 326 1170 378 pecuaria,
1207 331 1394 366 armenta.
1426 349 1481 357 -
1528 325 1738 366 Pecuaria
1773 341 1844 382 pro
1884 343 2048 384 pecora,
2088 334 2271 386 pecuaria

127 383 232 425 enim
261 388 352 423 sunt
380 383 486 434 loca,
518 384 556 422 in
587 382 726 433 quibus
755 393 900 433 pecora
930 385 998 421 aut
1025 382 1109 433 ipsa
1139 382 1352 435 negotiatio
1383 381 1424 421 fit
1452 383 1692 435 pecualis³²)
1723 384 1818 424 irae.
2129 425 2137 428 ,

261 438 329 478 Vs.
360 436 425 478 65.
483 438 622 489 Atque
652 436 775 474 ulium
807 448 860 474 ea:
890 435 999 484 ulia,
1037 436 1074 476 id
1098 442 1169 486 est,
1202 442 1243 476 ut
1271 436 1369 477 haec
1389 437 1559 488 habeas,
1591 450 1738 489 quaere
1767 440 1853 480 alia.
1872 461 1930 471 —-
1960 439 2138 495 Suffice‚
2167 443 2271 485 sub-

125 492 325 544 ministra,
357 494 533 546 suscipe,
565 492 604 531 id
634 496 714 540 est,
746 495 789 531 ut
817 495 980 539 coeant,
1013 491 1117 531 unde
1147 492 1333 531 suffectos
1364 492 1548 535 consules
1580 493 1756 533 dicimus.
2042 504 2044 507 ·

259 547 326 589 Vs.
358 546 424 589 68.
482 546 772 590 humentia,
801 546 1093 587 inexorabilitas
1122 548 1184 586 vel
1212 547 1415 598 iniquitaS,
1446 552 1489 588 ut
1518 550 1698 587 lumime
1729 549 1904 599 dicit33).

260 603 328 643 Vs.
358 601 423 643 71.
481 599 706 645 Autevem',
736 606 938 654 antecape.
968 624 1021 629 -
1054 601 1240 647 sortire,
1270 602 1544 654 subministra,
1576 603 1791 655 substitue3
1812 605 1995 646 .verbum
2023 606 2270 662 iudiciorum,

125 668 218 699 nam
247 657 374 698 sortiti
404 657 586 697 dicuntur
616 656 846 702 iudicesffl).

260 712 327 752 VS.
359 709 424 753 73.
489 709 551 749 Tu
581 712 703 750 modo
735 724 836 763 quos
866 711 910 748 in
931 724 1064 762 spem,
1095 715 1139 752 ut
1166 711 1308 751 habeat
1327 723 1457 752 mares
1488 713 1656 765 optimos
1669 716 1725 761 ³⁵)
1755 714 1795 754 in
1824 726 1948 767 spem.
1969 739 2022 746 —-
2059 715 2121 756 Tu
2149 718 2272 757 modo

127 770 169 809 et
196 767 359 819 reliqua.
415 766 514 807 Nota
545 767 651 819 quod
676 767 715 806 in
744 766 871 807 bobus
901 771 1045 807 matres
1075 771 1186 817 ante,
1217 768 1256 806 in
1287 768 1398 820 equis
1429 767 1682 809 admissarios
1696 771 1751 821 ³⁸)
1782 775 1873 810 ante
1902 776 2262 825 commemorat⁸⁷).

257 822 326 863 Vs.
357 820 422 862 75.
480 820 679 871 Pecoris,
710 821 812 873 equi.

255 877 324 918 Vs.
355 876 420 918 76.
478 876 644 926 Altius,
676 889 765 917 cum
794 876 1047 918 insultatione
1076 875 1244 929 quadam
1273 876 1430 919 incedit.
1452 900 1506 908 -—
1535 876 1715 925 Mollia,
1745 879 1940 932 flexibilia,
1973 887 2012 923 et
2040 885 2194 924 Erimus
2223 883 2274 926 de

174 932 289 974 uibus
319 932 423 973 dicit.

123 944 173 987 gr
255 988 326 1028 Vs.
358 986 426 1029 77.
483 985 649 1025 Primus
679 991 720 1026 et
749 987 809 1025 ire
837 988 967 1038 viam,
996 986 1197 1040 praecedit
1224 987 1264 1027 in
1291 987 1365 1029 via.
1395 1010 1451 1018 —
1480 987 1715 1034 Mimmtes,
1746 990 1919 1033 minaces
1932 992 2001 1043 8Β).

257 1043 326 1083 Vs.
356 1041 422 1084 78.
479 1039 622 1080 Audet
651 1046 692 1080 et
721 1043 870 1094 ignoto
898 1047 1056 1094 ponto,
1086 1055 1157 1095 per
1185 1054 1301 1095 quem
1328 1055 1527 1096 nunquam
1556 1045 1776 1086 transierat.

257 1097 326 1138 VS.
356 1095 422 1138 79.
480 1096 650 1146 Ardua,
679 1110 786 1138 nunc
815 1103 958 1139 erecta.
1867 1128 1872 1138 ‚

257 1152 326 1192 Vs.
356 1150 424 1195 80.
482 1151 790 1204 Argutumque,
820 1154 963 1202 breve,
994 1164 1179 1205 parvum3
1213 1152 1348 1198 alvus,
1377 1156 1598 1203 ventu-⁸⁹).
1619 1178 1673 1184 ——-
1707 1154 1863 1201 obesa,
1895 1158 2067 1210 pinguia,
2097 1159 2275 1202 subacta.

258 1207 327 1248 Vs.
355 1206 421 1248 81.
480 1206 758 1255 Luxuriam)
793 1208 985 1255 abundat3
1022 1208 1260 1259 luxuriatffl)
1290 1208 1456 1250 barbare
1486 1209 1604 1260 dixit,
1645 1215 1706 1251 est
1742 1212 1844 1252 enim
1880 1214 2029 1265 primae
2066 1216 2273 1267 positionis

123 1262 287 1305 verbum
318 1262 496 1304 luxurior
508 1266 580 1310 ⁴¹).
611 1285 666 1291 —-
702 1260 848 1307 Toris,
880 1263 1048 1315 capillis,
1080 1264 1237 1315 spatiis3
1266 1262 1453 1309 honesti,
1485 1265 1640 1305 nobilis.

256 1318 323 1358 Vs.
353 1316 419 1359 82.
482 1317 712 1369 spadices,
753 1318 985 1367 rubicundi,
1035 1319 1214 1370 spadices
1254 1318 1436 1358 dicuntur
1465 1321 1555 1371 equi
1591 1321 1798 1362 rubicundi
1841 1322 2069 1375 coloris42).
2129 1325 2275 1378 spadix

123 1372 228 1413 enim
255 1372 361 1426 apud
401 1373 555 1415 Siculos
595 1373 734 1413 dicitur
763 1373 911 1425 palma,
952 1373 1063 1413 cuius
1095 1374 1205 1413 color
1245 1373 1498 1414 rubicundus.
1529 1396 1582 1404 —
1632 1374 1786 1415 Glauci
1824 1378 1920 1418 albis
1950 1379 2276 1432 vituperationem

121 1426 219 1468 dare
246 1440 326 1469 non
358 1433 534 1481 poterat,
565 1429 656 1481 quia
687 1427 868 1478 dixit⁴³):
911 1429 983 1481 qui
1013 1428 1198 1467 candore
1226 1429 1338 1467 nives
1369 1430 1594 1475 anteirent,
1627 1431 1814 1470 cursibus
1844 1446 1985 1481 auras3
2015 1435 2087 1475 sed
2112 1435 2176 1477 hic
2194 1448 2274 1477 una
2330 1464 2333 1465 ν

125 1494 219 1536 pars
249 1484 437 1524 orationis
468 1488 542 1524 est.
691 1517 699 1522 .

255 1539 324 1579 Vs.
352 1537 420 1580 84.
485 1537 658 1582 Tremit,
689 1539 984 1579 tremebundus.
1013 1561 1070 1569 —
1098 1536 1227 1577 Arius
1256 1551 1327 1591 pro
1357 1539 1519 1579 artibus.

255 1592 323 1633 Vs,
353 1592 420 1634 85.
479 1592 640 1645 lyncem,
670 1594 913 1635 iracundiam
941 1594 1064 1645 bene,
1094 1594 1186 1647 quia
1213 1594 1377 1635 interior
1404 1605 1496 1648 pars
1527 1595 1616 1648 equi
1638 1594 1756 1649 ignea
1785 1601 1869 1649 est,
1899 1597 1962 1639 vel
1990 1598 2106 1641 ssatus
2130 1599 2277 1643 indicat

123 1649 480 1701 magnanimitatem
511 1651 705 1697 suam⁴⁴).

256 1703 324 1743 Vs.
355 1701 422 1744 86.
481 1702 609 1748 Iuba,
640 1716 766 1745 coma.

256 1758 324 1798 Vs.
353 1757 421 1800 87.
486 1757 639 1804 cavat,
668 1758 780 1799 fodit.

255 1813 322 1854 Vs.
352 1812 419 1856 88.
478 1811 540 1852 Et
569 1813 709 1852 solido
738 1813 925 1866 φαινέτω·
951 1818 1075 1853 sonat
1101 1813 1260 1867 unyula
1286 1814 1434 1867 pulsu,
1466 1820 1510 1856 ut
1539 1816 1722 1857 ostendat
1751 1817 2121 1869 animositatem⁴⁵).

253 1869 321 1909 Vs.
351 1867 419 1910 89.
483 1866 599 1919 Talis
637 1868 853 1921 Amyclaei
893 1873 931 1909 et
966 1869 1127 1922 reliqua.
1187 1869 1352 1923 Amycla
1388 1871 1482 1911 urbs
1512 1872 1551 1911 in
1587 1872 1881 1924 Peloponneso;
1918 1886 2041 1927 equos
2082 1880 2213 1917 autem
2252 1891 2276 1920 a

123 1922 304 1977 Neptuno
342 1923 481 1964 lunoni
509 1923 622 1964 datos
653 1923 819 1964 Alcman
847 1924 994 1976 lyricus
1005 1928 1062 1973 4θ)
1096 1925 1189 1966 dicit
1209 1924 1408 1978 cyllarum
1438 1930 1475 1966 et
1494 1925 1783 1977 Xanthumv),
1815 1940 1982 1980 quorum
2009 1930 2154 1972 Polluci
2174 1932 2273 1984 Cyl—

121 1977 270 2030 larum,
301 1978 567 2028 Xanthumv)
599 1979 708 2020 fratri
735 1979 822 2019 eius
847 1991 1082 2020 concessum
1113 1991 1203 2020 esse
1223 1981 1369 2022 dictum
1399 1985 1460 2021 est
1469 1994 1480 2031 ;
1513 1981 1691 2033 Cyllarus
1713 1983 1815 2023 enim
1838 1996 1962 2037 equus
1992 1985 2065 2025 fuit
2093 1987 2276 2039 PolluciS‚

121 2037 162 2074 et
190 2035 323 2088 magni
354 2045 492 2075 currus
523 2033 684 2075 Achillis
698 2037 767 2083 ⁴⁸).
790 2057 844 2064 —-
873 2033 1091 2083 Pollucis,
1123 2035 1263 2076 Castor
1293 2048 1483 2088 equorum
1515 2037 1704 2087 domitor,
1736 2038 1806 2078 sed
1828 2039 1982 2080 licentia
2012 2042 2165 2093 poetica
2186 2042 2275 2084 fra-

121 2092 222 2130 trem
251 2101 323 2143 pro
355 2101 402 2130 eo
427 2090 578 2141 posuit,
612 2093 745 2138 ut⁴⁹):
786 2102 888 2143 quas
924 2087 1162 2129 Philomela
1191 2090 1322 2142 dapes
1357 2102 1428 2143 pro
1457 2091 1629 2142 Procne,
1669 2097 1707 2133 et
1725 2096 1782 2142 ⁵⁰)
1822 2100 2084 2145 revocat051)
2124 2110 2149 2136 a
2183 2110 2273 2136 sau-

121 2144 251 2196 9uine
286 2142 438 2183 Teucri
459 2152 534 2196 ‘pro
564 2144 736 2186 Dardani
747 2157 759 2194 ;
799 2145 985 2186 antideo
1013 2145 1210 2186 Pollucem
1240 2157 1311 2198 pro
1346 2145 1510 2187 Castore
1547 2148 1700 2200 posuit,
1742 2149 1832 2200 quia
1868 2151 1984 2192 ambo
2017 2152 2195 2194 Polluces
2235 2157 2276 2194 et

124 2198 312 2240 Castores
342 2204 556 2250 vocantur,
585 2213 677 2241 nam
706 2205 744 2240 et
773 2198 854 2240 ludi
884 2205 923 2240 et
951 2201 1138 2254 templum
1167 2205 1206 2241 et
1231 2201 1368 2243 stellae
1399 2201 1606 2244 Castorum
1635 2202 1896 2255 dicuntur-⁵²).

260 2254 327 2296 Vs.
358 2253 424 2297 92.
490 2253 607 2294 Talis
637 2259 678 2294 et
708 2256 821 2308 ipse,
850 2255 1019 2308 Chiron,
1050 2257 1117 2309 qui
1146 2268 1196 2297 ex
1224 2255 1446 2309 Philyra⁵³J
1473 2262 1588 2300 natus
1618 2262 1692 2300 est.

255 2435 308 2478 ³2)
331 2437 557 2480 pecuaris.
605 2436 655 2478 33)
690 2436 724 2469 In
749 2446 846 2470 versu
872 2434 926 2469 69.
954 2435 1078 2480 Virgilii
1103 2437 1259 2479 scriptum
1284 2442 1335 2471 est
1358 2438 1513 2479 malis,
1537 2439 1569 2472 in
1594 2440 1742 2485 margine
1766 2440 1968 2485 adscriptum
1993 2443 2119 2477 velis.
2165 2444 2218 2485 34)
2242 2443 2272 2478 Α

124 2491 305 2515 rec-manu
323 2482 523 2526 adscriptum
548 2488 616 2515 est:
650 2484 723 2526 qui
748 2488 1073 2525 occupatorum
1098 2482 1348 2526 funguntur
1374 2484 1548 2518 officio.
1595 2486 1646 2527 35)
1671 2486 1870 2522 obtimos.
1918 2490 1969 2529 36)
1994 2488 2272 2523 admiserios.

120 2527 408 2571 ³⁴1)Adscriptum
435 2528 475 2561 ab
501 2528 615 2561 eadem
641 2539 706 2561 rec.
731 2539 847 2561 manu:
884 2528 1085 2562 Notanda
1118 2539 1225 2562 sane
1249 2531 1476 2574 exquisita
1503 2533 1728 2573 varietas,
1763 2535 1920 2567 namin
1948 2534 2085 2568 bobus
2111 2541 2271 2569 matres

121 2578 222 2607 ante
247 2573 515 2617 descripsit,
539 2576 580 2618 in
606 2576 735 2618 equis
761 2575 1056 2608 admissarius
1082 2580 1184 2608 ante
1209 2582 1534 2610 commemorat.
1580 2578 1630 2619 38)
1656 2578 1691 2611 ln
1717 2578 1838 2622 Virgilii
1855 2590 1952 2614 versu
1970 2581 2162 2614 minaces
2187 2581 2272 2613 scri-

120 2624 222 2663 ptum,
247 2619 307 2652 sed
332 2630 351 2652 a
374 2630 472 2653 manu
497 2631 563 2653 rec.
588 2621 622 2653 in
658 2622 804 2665 margine
828 2622 955 2654 varians
980 2620 1077 2653 lectio
1104 2622 1326 2654 minantes
1351 2622 1472 2655 addita.
1527 2622 1579 2664 39)
1612 2623 1727 2657 elius
1761 2631 1930 2659 uenter.
1977 2627 2029 2668 40)
2064 2626 2271 2660 luxuriat.

120 2666 170 2707 41)
196 2665 413 2698 luxurior.
460 2667 512 2707 42)
538 2667 728 2700 colores.
776 2671 827 2704 43)
856 2667 938 2700 Aen.
956 2666 1023 2707 xil,
1047 2664 1104 2700 84.
1151 2667 1202 2708 44)
1227 2666 1262 2700 In
1289 2667 1410 2711 Virgilii
1436 2678 1533 2701 versu
1569 2671 1726 2712 scriptum
1751 2676 1801 2704 est
1824 2682 1936 2714 prem
1949 2683 2046 2714 enS,
2071 2672 2129 2705 sed
2153 2672 2194 2705 ab
2212 2682 2271 2705 ea-

117 2709 198 2743 dem
223 2711 355 2754 antiqua
380 2722 479 2744 manu
505 2715 536 2744 in
563 2713 711 2756 margine
736 2713 881 2746 additum
906 2712 1116 2745 fremens.
1165 2713 1216 2754 45)
1240 2712 1276 2745 ln
1301 2713 1422 2758 Virgilii
1447 2720 1533 2748 textu
1557 2716 1732 2758 scriptum:
1757 2718 1921 2761 ungula
1947 2728 2099 2757 cornu,
2124 2719 2156 2750 in
2181 2728 2271 2751 mar-

124 2757 202 2800 gine
218 2757 347 2789 varians
364 2756 462 2790 lectio
481 2758 610 2799 pulsu
628 2758 792 2792 adnotata.
822 2759 873 2800 46)
891 2758 1077 2792 ειοὶιηξη
1096 2758 1267 2792 liricos.
1294 2759 1346 2801 47)
1364 2766 1578 2795 exantum.
1608 2762 1660 2803 48)
1679 2761 1843 2796 Nonnulla
1861 2764 1986 2797 desunt.
2018 2764 2070 2805 49)
2088 2762 2200 2807 Eclog.
2218 2763 2270 2805 VI,

120 2799 176 2835 79.
223 2802 275 2844 50)
300 2803 384 2835 Aen.
402 2802 426 2844 1,
450 2801 529 2837 235.
576 2805 627 2846 51)
652 2807 865 2838 revocati.
914 2805 966 2847 52)
992 2804 1083 2837 Vers.
1100 2802 1155 2838 90.
1181 2804 1221 2837 ad
1239 2815 1312 2838 voc.
1341 2811 1383 2839 et
1409 2816 1586 2850 quorum
1611 2825 1655 2831 -
1680 2815 1837 2852 poetae
1861 2810 2078 2853 adscriptum:
2103 2815 2145 2843 et
2167 2819 2272 2854 quo-

121 2857 213 2881 rum
239 2848 363 2883 ocius
388 2859 582 2893 pegasus
607 2851 754 2886 Arion.
797 2851 849 2894 53)
874 2852 999 2884 ciron
1023 2851 1165 2894 quiex
1190 2850 1374 2894 philara.
