2430 3177
1181 77 1215 125 3

1047 142 1311 163 Μ

244 205 312 246 Vs.
343 203 436 247 123.
493 203 574 245 His
604 203 913 250 animadversis,
943 205 1119 247 moribus
1150 209 1190 246 et
1216 210 1346 250 aetate
1370 207 1642 262 deprehensis.
1700 208 1776 249 sub
1814 215 1974 263 tempus
2015 214 2181 255 coeundi
2190 217 2246 264 ²⁴)

106 260 262 303 scilicet
290 264 330 300 et
348 272 438 312 .quo
467 261 525 301 eis
555 273 650 302 cura
679 261 807 302 maior
834 260 1054 301 adhibetur.

241 316 308 356 Vs.
340 313 432 356 124.
470 313 657 367 avemo,
682 327 766 356 non
794 315 908 365 laxo,
939 317 1031 367 quia
1060 315 1293 367 quibusdam
1321 317 1586 371 potationibus
1597 322 1655 369 ²⁵)
1682 331 1753 372 per
1779 319 2072 370 fraudem..²⁶)

242 370 308 411 Vs.
343 368 433 411 125.
492 369 716 421 Maritum,
743 369 1030 411 admissarium.
1044 371 1103 421 ²⁷]

241 425 309 465 Vs.
341 423 435 473 126.
494 424 736 469 Florentes,
766 423 940 469 adultas,
970 429 1164 474 maturas,
1195 426 1337 478 quihus
1367 425 1745 481 robur‘adquiritur.

242 480 310 520 Vs.
346 478 438 521 127.
495 479 666 518 Blando
697 477 849 523 labori,
879 479 918 519 id
949 484 1010 519 est
1038 480 1276 534 periphrasis
1307 482 1446 522 coitus.

240 535 306 575 Vs.
340 533 430 576 128.
490 533 715 586 Referunt,
743 539 1139 586 repraesentant‚*ut
1167 536 1232 576 ubi
1261 540 1304 575 te
1331 541 1468 575 tamen
1495 548 1568 575 ore
1596 538 1782 588 referret.
1795 540 1852 586 ²⁸]
1886 561 1936 568 -
1967 537 2149 586 Ieiunia,
2178 542 2245 582 in—

106 589 325 631 firmitatem
356 601 407 629 ex
433 589 573 629 inedia.
1522 620 1527 624 .

240 645 307 684 Vs.
353 641 444 685 131.
515 641 788 690 Sollicitant,
826 646 1151 693 commovent.²⁹)
1194 666 1250 674 --
1288 643 1559 698 Frondesque
1596 642 1748 696 negant
1786 651 1828 686 et
1861 647 2051 698 fontibus
2089 657 2247 703 arcent,

103 711 178 751 per
205 699 413 740 transitum
441 697 602 743 frondes
631 702 780 751 negant
809 702 898 752 post
926 699 1092 752 primum
1122 705 1289 752 partum,
1320 706 1458 741 contra
1477 700 1652 749 illud³⁰):
1684 700 1988 755 Florentesque
2000 710 2142 745 secant
2161 705 2245 744 lier-

24 754 35 763 '
108 752 180 792 bas
209 759 249 792 et
273 753 444 806 flumina
474 753 724 792 ministrant.

240 809 308 848 Vs,
338 805 431 849 133.
494 805 594 846 Gam
621 804 807 860 yraviter
836 813 874 848 et
898 808 971 848 rel.
1001 807 1078 848 hoc
1107 812 1167 848 est
1196 807 1260 849 die
1288 808 1436 860 medio,
1464 809 1506 851 id
1534 815 1603 851 est·
1626 811 1676 851 ad
1706 811 2004 865 exprimendum
2035 814 2110 855 diei
2140 820 2245 856 tem-

107 873 182 916 pus
210 874 291 903 non
320 862 427 914 quod
456 865 649 914 equae³¹)
681 863 841 903 aestatis
870 868 1048 916 tempore
1078 868 1231 904 coeant.

240 917 304 957 Vs.
338 915 430 958 135.
490 916 657 962 Nimio,
693 919 848 971 pingui,
889 917 1013 962 luxu,
1052 918 1091 958 id
1131 923 1192 959 est
1230 932 1259 960 a
1290 919 1511 968 luxuriam)
1551 925 1743 974 segetum.
1783 945 1838 951 —
1876 920 2019 961 Nimio
2048 935 2099 962 ne
2129 923 2246 969 luxu,

107 976 147 1013 et
173 971 244 1012 rel.
273 977 426 1024 turpem
453 985 538 1013 rem
568 973 705 1013 vitavit
732 987 754 1014 a
783 974 1103 1014 translationibus
1115 975 1195 1023 ³³),
1225 985 1322 1025 quas
1352 986 1491 1014 omnes
1521 975 1569 1015 ab
1600 977 1685 1015 aori
1715 976 1868 1018 cultura
1898 978 2026 1018 traxit.

240 1027 307 1067 Vs.
342 1024 432 1068 136.
494 1025 702 1071 Genitali,
735 1028 936 1077 muliebri3
974 1026 1156 1074 oblimet,
1187 1029 1343 1069 claudat
1371 1035 1535 1079 meatus,
1569 1035 1607 1069 et
1624 1012 1711 1071 ῗιοο
1736 1032 1985 1083 translative,
2022 1044 2112 1072 nam
2140 1032 2247 1088 legi-

108 1095 197 1125 mus
226 1086 267 1121 et
297 1080 479 1122 obducto
511 1082 616 1121 latct
645 1083 748 1120 enim
780 1087 820 1120 et
851 1083 987 1121 onmia
1014 1082 1178 1131 limo-ss)
1210 1105 1265 1113 —
1294 1083 1426 1122 Areo.
1456 1084 1653 1135 folliculo,
1686 1098 1802 1137 quem
1835 1087 1988 1128 vulvam
2019 1093 2172 1128 vocant.

240 1137 308 1176 Vs.
343 1134 435 1177 139.
491 1136 698 1181 Est-actis,
727 1137 864 1177 vicinis
896 1138 1042 1190 partui,
1072 1142 1165 1178 tunc
1194 1138 1418 1191 diligentius
1449 1140 1650 1180 tractanda
1680 1145 1793 1190 sunt,
1821 1153 1873 1181 ne
1901 1141 2129 1195 abigant-³²⁵)
2249 1186 2252 1188 ,

239 1191 307 1231 Vs.
337 1190 429 1232 141.
486 1190 586 1230 Non
623 1191 735 1231 saltu
772 1204 966 1242 superare
1006 1192 1132 1238 viam,
1173 1194 1264 1245 quia
1292 1194 1394 1242 solet
1424 1194 1506 1234 fieri
1535 1206 1624 1235 cum
1653 1200 1820 1248 pascunt
1847 1195 2011 1249 pedibus
2041 1197 2246 1250 impeditis.

82 1253 161 1277 '-
191 1244 370 1341 Etfacri
401 1259 572 1298 carpere
597 1252 728 1299 prata
754 1247 882 1299 fuya,
910 1247 987 1288 hoc
1014 1248 1055 1288 in
1083 1247 1265 1297 Pania³⁶)
1296 1248 1362 1299 fit3
1386 1249 1617 1302 fluviosque
1646 1252 1689 1288 in
1718 1263 1827 1290 mare
1844 1252 2032 1302 rapaces,
2054 1264 2106 1292 ne
2125 1253 2246 1293 abor-

105 1303 229 1344 tivum
273 1302 385 1342 aciat.

240 1357 306 1397 Vs.
340 1355 432 1398 143.
494 1355 682 1395 Saltibus
711 1357 756 1395 in
785 1358 946 1401 vacuis,
984 1357 1023 1397 in
1063 1358 1184 1410 spinis
1213 1359 1395 1410 spatiosis
1426 1359 1551 1413 magis
1562 1372 1574 1409 ;
1602 1364 1644 1398 ct
1669 1359 1822 1411 plena,
1860 1372 1911 1401 ne
1938 1361 2173 1403 inclinentur
2199 1363 2250 1403 ad

106 1416 255 1465 potum.
284 1434 338 1440 —
372 1411 625 1455 Secundum,
655 1411 694 1451 id
724 1417 784 1452 est
811 1412 931 1452 iuxta.

241 1467 309 1508 Vs.
343 1466 433 1507 145.
494 1466 810 1520 speluncaeque
835 1471 981 1519 teyant
1010 1471 1049 1507 et
1076 1467 1170 1518 rel.‚
1196 1471 1246 1507 >ut
1274 1467 1307 1507 si
1335 1467 1520 1517 fuerit³⁷3
1551 1474 1706 1520 aestas,
1745 1469 1914 1511 habeant
1941 1472 2247 1525 receptaculum.

105 1546 155 1552 -
191 1519 429 1566 Procubet,
458 1523 632 1562 inminet.
819 1556 823 1557 γ

239 1577 306 1616 Vs.
340 1575 430 1617 146.
489 1575 570 1614 Est
599 1576 716 1615 lucus
751 1575 883 1615 Silari
913 1578 1049 1625 circa3
1081 1576 1179 1618 ordo
1210 1582 1270 1617 est
1298 1578 1407 1628 taliS,
1440 1583 1500 1618 est
1530 1579 1633 1620 circa
1668 1579 1781 1620 lucos
1812 1580 1925 1621 Silari
1963 1580 2132 1621 fluminis
2162 1581 2246 1622 Lu-

106 1632 254 1674 caniae.
312 1631 460 1673 Silarus
473 1634 528 1679 ³⁸)
560 1630 701 1671 fluvius
731 1633 769 1672 in
799 1632 992 1680 Lucania,
1033 1632 1072 1673 id
1109 1636 1169 1672 est
1206 1633 1318 1685 regio
1347 1633 1410 1672 vel
1437 1633 1548 1674 lacus
1572 1634 1614 1673 in
1644 1633 1762 1674 Italia.
1801 1657 1856 1664 —-
1894 1633 2083 1680 Silarus,
2123 1638 2247 1677 amnis

105 1687 143 1727 in
173 1687 366 1734 Lucania,
398 1685 563 1725 ilicibus
590 1686 746 1739 propria
774 1686 933 1726 flumina
944 1689 1000 1735 ³⁹)
1018 1687 1093 1727 vel
1122 1687 1297 1726 arbores.
1408 1696 1409 1699 ’

238 1743 305 1782 Vs.
339 1740 429 1782 147.
487 1738 694 1779 Alburnus
724 1753 836 1781 mons
867 1741 1083 1791 Lucaniae3
1116 1740 1308 1786 volitans,
1338 1754 1480 1782 nomen
1496 1754 1574 1783 non
1591 1744 1846 1796 participium,
1864 1746 1945 1785 acsi
1961 1744 2111 1786 diceret
2125 1747 2245 1787 mul-ta

105 1809 241 1839 musca
270 1797 449 1837 volitans.
481 1819 533 1825 ——
560 1796 761 1838 Alburnus
791 1808 905 1837 mons
930 1798 996 1849 qui
1026 1809 1048 1837 a
1078 1797 1203 1838 Silai-0
1231 1796 1349 1837 distat
1387 1797 1438 1836 ΙΙΙ
1470 1809 1676 1850 passuum.
1736 1799 1853 1840 Circa
1885 1799 1984 1841 haec
2011 1801 2098 1841 loca
2128 1802 2245 1855 vulgo

83 1854 253 1893 »aestivo
283 1856 458 1903 tempore
487 1863 639 1903 pecora
661 1851 926 1892 demorantur.
985 1849 1128 1896 Asilo,
1168 1863 1344 1891 muscam
1381 1853 1527 1893 variam
1556 1853 1749 1894 Niamms
1780 1855 1871 1896 dicit
1898 1855 2050 1907 inesse,
2091 1860 2130 1896 et
2158 1869 2246 1896 eum

102 1908 284 1950 tabanum
315 1907 441 1947 bobus
470 1908 640 1947 maxime
668 1911 888 1947 nocentem.
1622 1936 1625 1938 -
2134 1932 2136 1936 v

238 1963 304 2001 Vs.
338 1960 428 2002 148.
493 1960 692 2004 Oestrum,
727 1961 898 2010 Graece,
929 1960 1173 2009 Latinumw)
1204 1961 1340 2012 asilus,
1369 1962 1490 2017 vulgo
1519 1963 1698 2003 tabanus,
1762 1962 1841 2002 Cui
1870 1977 2016 2004 nomen
2045 1963 2175 2009 asilo,
2207 1972 2248 2006 ut

103 2018 166 2058 cui
195 2016 358 2057 Remulo
398 2027 619 2069 cognomen
657 2020 751 2056 erat.
812 2015 924 2055 Circa
963 2015 1061 2055 haec
1105 2016 1193 2056 loca
1230 2028 1375 2068 pecora
1414 2017 1574 2057 aestivis
1614 2019 1857 2072 temporibus
1897 2019 2161 2060 demorantur.
2193 2043 2243 2050 -

110 2071 300 2116 Vertere,
330 2076 504 2111 vocatur.
2060 2085 2066 2093 ,

234 2127 300 2166 Vs.
334 2125 425 2167 151,
490 2123 780 2177 T'avzayri,·est
806 2124 917 2165 locus
945 2125 985 2164 in
1016 2124 1179 2165 Graecia
1207 2129 1275 2165 aut
1301 2126 1412 2177 palus
1430 2125 1635 2176 Boeotiae3
1665 2133 1820 2168 torrens
1852 2133 1913 2168 est
1941 2133 2031 2169 ante
2052 2130 2243 2170 civitatem

104 2183 291 2223 Graeciae
311 2182 547 2234 Tanagrum,
573 2193 676 2232 quae
696 2180 768 2220 sita
800 2184 861 2219 est
881 2180 1048 2232 septimo
1070 2180 1234 2221 miliario
1257 2181 1308 2231 [a]
1327 2180 1692 2223 Chalcidonensium
1714 2184 1941 2232 civitate.⁴¹)
1964 2205 1997 2211 -
2044 2182 2243 2237 Tanaqri,

95 2243 255 2278 ‘torrens
287 2236 427 2276 fluvius
458 2237 663 2277 Lucaniae.
689 2258 691 2260 -

234 2292 300 2331 Vs.
337 2289 426 2332 153.
464 2289 706 2335 Inachiae,
746 2289 812 2341 Io,
851 2289 983 2330 Inachi
1022 2288 1121 2340 filia,
1162 2301 1264 2342 quae
1294 2304 1316 2332 a
1346 2289 1441 2331 Iove
1469 2302 1683 2343 conpressa
1714 2297 1785 2332 est.
1818 2316 1867 2321 ——
1900 2291 2135 2338 Meditata,
2174 2296 2242 2335 in..

89 2347 256 2394 *fex-ens,
289 2357 478 2387 exercens
509 2346 744 2398 excogitata.
1339 2376 1347 2380 .

230 2402 298 2441 Vs.
332 2399 421 2442 154.
481 2398 606 2437 Hanc
634 2411 797 2452 quoque
828 2403 869 2439 et
895 2399 1004 2451 reliq.
1036 2400 1149 2439 etiam
1177 2400 1253 2440 hoc
1283 2399 1425 2440 malum
1445 2403 1661 2449 rcmovefl)
1679 2401 1900 2443 fervoribus
1925 2402 2173 2453 meridiei.⁴⁸)
2191 2429 2240 2436 -ν

102 2457 225 2496 Hanc
255 2468 418 2508 quoqne
448 2461 485 2495 et
516 2455 624 2506 reliq.
656 2454 848 2503 ostendit,
882 2454 1211 2506 quemadmodum
1245 2455 1368 2506 possit
1397 2455 1521 2495 vitari.

231 2512 298 2552 Vs.
331 2510 422 2552 155.
485 2507 695 2553 Gravtdo,
723 2510 949 2563 ignavofl)
1447 2509 1450 2512 ⁴
1963 2555 1966 2558 y

231 2567 299 2607 Vs.
331 2564 423 2607 156.
486 2563 588 2603 Sole
623 2576 763 2602 recens
803 2569 920 2608 orto,
971 2566 1114 2606 statim.
1158 2587 1210 2593 ——
1251 2566 1337 2603 Aut
1372 2568 1534 2603 noctem
1575 2564 1811 2604 dicentibus
1852 2567 1998 2611 astris,
2039 2573 2106 2609 aut
2136 2570 2239 2610 circa

98 2629 252 2664 noctem
282 2621 533 2661 advertimus,

230 2676 295 2716 Vs.
327 2674 416 2717 158.
474 2673 633 2717 Notas,
665 2674 927 2714 characteras.
959 2696 1013 2704 --
1043 2672 1237 2721 Inui-unt,
1267 2673 1500 2722 significant.

230 2731 297 2771 Vs.
329 2729 420 2772 159.
481 2728 732 2768 Submittere
762 2729 1039 2780 admissarios,
1066 2729 1128 2768 vel
1158 2728 1206 2768 ad
1235 2723 1398 2770 foetum.
1427 2752 1483 2758 —-
1510 2727 1742 2774 Habenda,
1773 2730 1980 2771 servando.

227 2851 281 2894 24)
306 2850 573 2896 coequandi.
621 2850 673 2892 25)
699 2850 820 2895 quib3
846 2849 915 2884 die
942 2848 1271 2893 potacionibus.
1321 2849 1373 2890 26)
1397 2847 1446 2882 Ex
1470 2848 1582 2884 Servio
1607 2850 1812 2884 addendum:
1837 2860 2057 2895 agasones
2081 2850 2236 2886 facere

94 2902 434 2932 consueverunt.
481 2897 533 2937 27)
575 2897 879 2930 admisarium.
926 2896 980 2937 28)
1006 2895 1094 2940 Virg.
1129 2895 1210 2928 Aen.
1242 2894 1299 2937 lv,
1324 2891 1404 2942 329.
1450 2896 1503 2937 ²9)
1527 2895 1563 2929 In
1585 2901 1673 2930 textu
1706 2897 1957 2938 sollicitat,
1990 2898 2022 2929 iu
2055 2907 2157 2941 marg.
2194 2897 2235 2931 ab

93 2943 210 2978 eadem
235 2954 331 2977 manu
357 2942 629 2976 sollicitant.
675 2942 727 2983 3⁰)
754 2942 867 2975 illut.
914 2942 966 2984 31)
992 2951 1075 2974 non
1100 2951 1182 2984 quo
1207 2940 1388 2985 dequae.
1434 2941 1486 2984 32)
1512 2942 1705 2976 luxoria.
1752 2945 1802 2983 33)
1829 2942 2233 2976 translacionibus.

80 2984 145 3031 ¹2⁴)
169 2989 255 3034 Leg:
279 2989 368 3023 late
390 2993 524 3021 tenet.
572 2987 625 3029 35)
651 2988 877 3032 abigeant.
924 2988 977 3028 36)
1003 2985 1174 3020 voluitne:
1206 2986 1428 3020 inPanico
1460 2988 1482 3020 i.
1511 2997 1540 3020 e.
1567 2993 1703 3021 terrore.
1749 2988 1800 3028 37)
1827 2987 2003 3020 fuerint.
2050 2988 2103 3030 38)
2127 2987 2235 3022 Sila-

95 3036 199 3068 rius.
246 3035 298 3077 39)
325 3034 567 3067 fluminam.
614 3033 666 3074 4⁰)
691 3033 1066 3078 graecolatinum.
1115 3032 1167 3074 41)
1192 3031 1387 3066 miliario
1410 3032 1794 3067 calcidonensium
1821 3034 2069 3067 civitatem.
2099 3033 2152 3076 42)
2176 3043 2234 3068 re-

94 3089 241 3114 novae.
289 3080 341 3122 43)
368 3079 597 3113 matidiae.
645 3079 697 3120 44)
723 3080 898 3122 ignova.

1912 3122 1969 3163 1.
