<?xml version="1.0" encoding="UTF-8"?>
<!DOCTYPE html PUBLIC "-//W3C//DTD XHTML 1.0 Transitional//EN"
    "http://www.w3.org/TR/xhtml1/DTD/xhtml1-transitional.dtd">
<html xmlns="http://www.w3.org/1999/xhtml" xml:lang="en" lang="en">
 <head>
  <title>
</title>
<meta http-equiv="Content-Type" content="text/html;charset=utf-8" />
  <meta name='ocr-system' content='tesseract 3.04.00' />
  <meta name='ocr-capabilities' content='ocr_page ocr_carea ocr_par ocr_line ocrx_word'/>
</head>
<body>
  <div class='ocr_page' id='page_1' title='image "./commentariaiunil00mluoft_0089.png"; bbox 0 0 2430 3177; ppageno 0'>
   <div class='ocr_carea' id='block_1_1' title="bbox 1137 54 1201 100">
    <p class='ocr_par' dir='ltr' id='par_1_1' title="bbox 1137 54 1201 100">
     <span class='ocr_line' id='line_1_1' title="bbox 1137 54 1201 100; baseline 0 0"><span class='ocrx_word' id='word_1_1' title='bbox 1137 54 1201 100; x_wconf 79' lang='lat'>27</span> 
     </span>
    </p>
   </div>
   <div class='ocr_carea' id='block_1_2' title="bbox 1029 120 1293 136">
    <p class='ocr_par' dir='ltr' id='par_1_2' title="bbox 1029 120 1293 136">
     <span class='ocr_line' id='line_1_2' title="bbox 1029 120 1293 136; baseline 0 -2"><span class='ocrx_word' id='word_1_2' title='bbox 1029 120 1293 136; x_wconf 58' lang='grc' dir='ltr'>Μ</span> 
     </span>
    </p>
   </div>
   <div class='ocr_carea' id='block_1_3' title="bbox 73 182 2273 1776">
    <p class='ocr_par' dir='ltr' id='par_1_3' title="bbox 225 182 1638 238">
     <span class='ocr_line' id='line_1_3' title="bbox 225 182 1638 238; baseline -0.001 -14"><span class='ocrx_word' id='word_1_3' title='bbox 225 185 292 226; x_wconf 92' lang='lat' dir='ltr'>Vs.</span> <span class='ocrx_word' id='word_1_4' title='bbox 322 183 416 227; x_wconf 82' lang='lat'>315.</span> <span class='ocrx_word' id='word_1_5' title='bbox 473 183 687 228; x_wconf 55' lang='lat' dir='ltr'>Effudit,</span> <span class='ocrx_word' id='word_1_6' title='bbox 718 182 875 234; x_wconf 84' lang='lat' dir='ltr'>extulit,</span> <span class='ocrx_word' id='word_1_7' title='bbox 906 182 1083 225; x_wconf 83' lang='lat' dir='ltr'>studiose</span> <span class='ocrx_word' id='word_1_8' title='bbox 1111 186 1266 238; x_wconf 87' lang='lat' dir='ltr'>reperit.</span> <span class='ocrx_word' id='word_1_9' title='bbox 1324 183 1399 224; x_wconf 91' lang='lat' dir='ltr'>Alii</span> <span class='ocrx_word' id='word_1_10' title='bbox 1431 185 1638 224; x_wconf 75' lang='lat' dir='ltr'>extundit.</span> 
     </span>
    </p>

    <p class='ocr_par' dir='ltr' id='par_1_4' title="bbox 93 238 2234 346">
     <span class='ocr_line' id='line_1_4' title="bbox 224 238 2234 294; baseline 0.002 -14"><span class='ocrx_word' id='word_1_11' title='bbox 224 240 289 280; x_wconf 89' lang='lat' dir='ltr'>Vs.</span> <span class='ocrx_word' id='word_1_12' title='bbox 322 238 416 281; x_wconf 88' lang='grc'><strong>316.</strong></span> <span class='ocrx_word' id='word_1_13' title='bbox 483 239 601 279; x_wconf 75' lang='lat' dir='ltr'>Unde</span> <span class='ocrx_word' id='word_1_14' title='bbox 641 251 749 277; x_wconf 80' lang='lat' dir='ltr'>nova</span> <span class='ocrx_word' id='word_1_15' title='bbox 788 238 1020 289; x_wconf 64' lang='lat' dir='ltr'>inyressttS,</span> <span class='ocrx_word' id='word_1_16' title='bbox 1060 240 1132 280; x_wconf 90' lang='lat' dir='ltr'>hos</span> <span class='ocrx_word' id='word_1_17' title='bbox 1171 241 1390 293; x_wconf 82' lang='lat' dir='ltr'>ingressus,</span> <span class='ocrx_word' id='word_1_18' title='bbox 1431 240 1470 280; x_wconf 88' lang='lat' dir='ltr'>id</span> <span class='ocrx_word' id='word_1_19' title='bbox 1510 245 1571 281; x_wconf 79' lang='lat' dir='ltr'>est</span> <span class='ocrx_word' id='word_1_20' title='bbox 1601 241 1805 282; x_wconf 84' lang='lat' dir='ltr'>exordium</span> <span class='ocrx_word' id='word_1_21' title='bbox 1835 243 2099 294; x_wconf 76' lang='lat' dir='ltr'>experientiae</span> <span class='ocrx_word' id='word_1_22' title='bbox 2127 246 2234 286; x_wconf 87' lang='lat' dir='ltr'>nullo</span> 
     </span>
     <span class='ocr_line' id='line_1_5' title="bbox 93 293 1465 346; baseline -0.002 -10"><span class='ocrx_word' id='word_1_23' title='bbox 93 294 276 336; x_wconf 82' lang='lat' dir='ltr'>docente.</span> <span class='ocrx_word' id='word_1_24' title='bbox 309 318 355 323; x_wconf 89' lang='lat'>——</span> <span class='ocrx_word' id='word_1_25' title='bbox 390 294 687 346; x_wconf 66' lang='grc' dir='ltr'>Εωρονίεηίία,</span> <span class='ocrx_word' id='word_1_26' title='bbox 718 293 756 332; x_wconf 93' lang='lat' dir='ltr'>id</span> <span class='ocrx_word' id='word_1_27' title='bbox 788 298 847 331; x_wconf 86' lang='lat' dir='ltr'>est</span> <span class='ocrx_word' id='word_1_28' title='bbox 876 293 1064 334; x_wconf 84' lang='lat' dir='ltr'>industria</span> <span class='ocrx_word' id='word_1_29' title='bbox 1095 300 1133 334; x_wconf 87' lang='lat' dir='ltr'>et</span> <span class='ocrx_word' id='word_1_30' title='bbox 1161 295 1322 344; x_wconf 65' lang='lat' dir='ltr'>veraffl]</span> <span class='ocrx_word' id='word_1_31' title='bbox 1351 297 1465 335; x_wconf 84' lang='lat' dir='ltr'>ratio.</span> 
     </span>
    </p>

    <p class='ocr_par' dir='ltr' id='par_1_5' title="bbox 73 346 2273 568">
     <span class='ocr_line' id='line_1_6' title="bbox 227 346 2273 406; baseline 0.001 -16"><span class='ocrx_word' id='word_1_32' title='bbox 227 349 295 389; x_wconf 90' lang='lat' dir='ltr'>Vs.</span> <span class='ocrx_word' id='word_1_33' title='bbox 326 347 420 390; x_wconf 79' lang='lat'>317.</span> <span class='ocrx_word' id='word_1_34' title='bbox 480 349 638 387; x_wconf 78' lang='lat' dir='ltr'><em>Pastor</em></span> <span class='ocrx_word' id='word_1_35' title='bbox 665 346 943 395; x_wconf 68' lang='lat' dir='ltr'>Aristaeusm)</span> <span class='ocrx_word' id='word_1_36' title='bbox 977 353 1014 388; x_wconf 88' lang='lat' dir='ltr'>et</span> <span class='ocrx_word' id='word_1_37' title='bbox 1041 349 1152 401; x_wconf 83' lang='lat' dir='ltr'>reliq.</span> <span class='ocrx_word' id='word_1_38' title='bbox 1185 349 1389 389; x_wconf 84' lang='lat' dir='ltr'>Aristaeus</span> <span class='ocrx_word' id='word_1_39' title='bbox 1401 353 1458 398; x_wconf 65' lang='grc' dir='ltr'>ὃΙ)</span> <span class='ocrx_word' id='word_1_40' title='bbox 1489 349 1588 389; x_wconf 90' lang='lat' dir='ltr'>filius</span> <span class='ocrx_word' id='word_1_41' title='bbox 1617 351 1809 403; x_wconf 88' lang='lat' dir='ltr'>Apollinis</span> <span class='ocrx_word' id='word_1_42' title='bbox 1841 356 1878 391; x_wconf 88' lang='lat' dir='ltr'>et</span> <span class='ocrx_word' id='word_1_43' title='bbox 1909 351 2081 404; x_wconf 80' lang='lat' dir='ltr'>Cyrenes</span> <span class='ocrx_word' id='word_1_44' title='bbox 2113 366 2235 406; x_wconf 87' lang='lat' dir='ltr'>nym-</span> <span class='ocrx_word' id='word_1_45' title='bbox 2270 373 2273 378; x_wconf 95' lang='lat'>·</span> 
     </span>
     <span class='ocr_line' id='line_1_7' title="bbox 92 402 2236 459; baseline 0.004 -17"><span class='ocrx_word' id='word_1_46' title='bbox 92 403 216 456; x_wconf 86' lang='lat' dir='ltr'>phae,</span> <span class='ocrx_word' id='word_1_47' title='bbox 256 403 360 444; x_wconf 85' lang='lat' dir='ltr'>filiae</span> <span class='ocrx_word' id='word_1_48' title='bbox 397 405 512 445; x_wconf 88' lang='lat' dir='ltr'>Penei</span> <span class='ocrx_word' id='word_1_49' title='bbox 557 404 725 443; x_wconf 86' lang='lat' dir='ltr'>fluminis</span> <span class='ocrx_word' id='word_1_50' title='bbox 763 402 1081 453; x_wconf 63' lang='lat' dir='ltr'>Thessaliaeffl),</span> <span class='ocrx_word' id='word_1_51' title='bbox 1122 405 1186 456; x_wconf 91' lang='lat' dir='ltr'>qui</span> <span class='ocrx_word' id='word_1_52' title='bbox 1226 416 1314 445; x_wconf 90' lang='lat' dir='ltr'>cum</span> <span class='ocrx_word' id='word_1_53' title='bbox 1351 404 1574 456; x_wconf 83' lang='lat' dir='ltr'>Eurydicen</span> <span class='ocrx_word' id='word_1_54' title='bbox 1589 407 1644 453; x_wconf 73' lang='lat'>⁶³)</span> <span class='ocrx_word' id='word_1_55' title='bbox 1682 407 1892 459; x_wconf 83' lang='lat' dir='ltr'>nympham</span> <span class='ocrx_word' id='word_1_56' title='bbox 1921 407 2153 457; x_wconf 59' lang='lat' dir='ltr'>violarem)</span> <span class='ocrx_word' id='word_1_57' title='bbox 2197 414 2236 450; x_wconf 87' lang='lat' dir='ltr'>et</span> 
     </span>
     <span class='ocr_line' id='line_1_8' title="bbox 73 457 2235 514; baseline 0.003 -16"><span class='ocrx_word' id='word_1_58' title='bbox 73 470 258 505; x_wconf 51' lang='lat' dir='ltr'>‚uxorem</span> <span class='ocrx_word' id='word_1_59' title='bbox 288 459 435 500; x_wconf 84' lang='lat' dir='ltr'>habere</span> <span class='ocrx_word' id='word_1_60' title='bbox 464 460 580 500; x_wconf 89' lang='lat' dir='ltr'>vellet</span> <span class='ocrx_word' id='word_1_61' title='bbox 615 459 748 505; x_wconf 66' lang='grc'>1111165)</span> <span class='ocrx_word' id='word_1_62' title='bbox 785 457 941 510; x_wconf 83' lang='lat' dir='ltr'>fugiens</span> <span class='ocrx_word' id='word_1_63' title='bbox 973 470 994 497; x_wconf 89' lang='lat' dir='ltr'>a</span> <span class='ocrx_word' id='word_1_64' title='bbox 1024 464 1207 511; x_wconf 77' lang='lat' dir='ltr'>serpente</span> <span class='ocrx_word' id='word_1_65' title='bbox 1235 471 1435 512; x_wconf 89' lang='lat' dir='ltr'>percussa.</span> <span class='ocrx_word' id='word_1_66' title='bbox 1457 464 1534 508; x_wconf 84' lang='lat' dir='ltr'>est,</span> <span class='ocrx_word' id='word_1_67' title='bbox 1572 460 1663 500; x_wconf 87' lang='lat' dir='ltr'>inde</span> <span class='ocrx_word' id='word_1_68' title='bbox 1700 462 1807 501; x_wconf 83' lang='lat' dir='ltr'>iratis</span> <span class='ocrx_word' id='word_1_69' title='bbox 1838 462 2018 514; x_wconf 89' lang='lat' dir='ltr'>nymphis</span> <span class='ocrx_word' id='word_1_70' title='bbox 2049 464 2235 510; x_wconf 66' lang='lat' dir='ltr'>auxilium</span> 
     </span>
     <span class='ocr_line' id='line_1_9' title="bbox 92 511 2001 568; baseline 0.002 -15"><span class='ocrx_word' id='word_1_71' title='bbox 92 514 226 554; x_wconf 86' lang='lat' dir='ltr'>matris</span> <span class='ocrx_word' id='word_1_72' title='bbox 257 515 476 566; x_wconf 82' lang='lat' dir='ltr'>exquisivit.</span> <span class='ocrx_word' id='word_1_73' title='bbox 509 536 561 542; x_wconf 85' lang='lat'>-—</span> <span class='ocrx_word' id='word_1_74' title='bbox 592 511 775 560; x_wconf 79' lang='lat' dir='ltr'>Peneia,</span> <span class='ocrx_word' id='word_1_75' title='bbox 805 512 1098 561; x_wconf 61' lang='lat' dir='ltr'>Thessaliaeffl)</span> <span class='ocrx_word' id='word_1_76' title='bbox 1131 519 1296 553; x_wconf 89' lang='lat' dir='ltr'>montes.</span> <span class='ocrx_word' id='word_1_77' title='bbox 1360 512 1604 565; x_wconf 63' lang='grc' dir='ltr'>Τεηψεθθ),</span> <span class='ocrx_word' id='word_1_78' title='bbox 1631 515 1719 556; x_wconf 85' lang='lat' dir='ltr'>loca</span> <span class='ocrx_word' id='word_1_79' title='bbox 1747 517 2001 568; x_wconf 87' lang='lat' dir='ltr'>voluptuaria.</span> 
     </span>
    </p>

    <p class='ocr_par' dir='ltr' id='par_1_6' title="bbox 89 566 2233 665">
     <span class='ocr_line' id='line_1_10' title="bbox 226 566 2233 624; baseline 0.003 -16"><span class='ocrx_word' id='word_1_80' title='bbox 226 569 291 608; x_wconf 88' lang='lat' dir='ltr'>Vs.</span> <span class='ocrx_word' id='word_1_81' title='bbox 323 567 414 609; x_wconf 78' lang='lat'>319.</span> <span class='ocrx_word' id='word_1_82' title='bbox 472 567 691 611; x_wconf 72' lang='lat' dir='ltr'>Eoetremi,</span> <span class='ocrx_word' id='word_1_83' title='bbox 731 568 885 607; x_wconf 88' lang='lat' dir='ltr'>summi.</span> <span class='ocrx_word' id='word_1_84' title='bbox 948 566 1134 619; x_wconf 78' lang='lat' dir='ltr'>Sacrum,</span> <span class='ocrx_word' id='word_1_85' title='bbox 1175 580 1331 609; x_wconf 87' lang='lat' dir='ltr'>sacrum</span> <span class='ocrx_word' id='word_1_86' title='bbox 1362 573 1584 618; x_wconf 77' lang='lat' dir='ltr'>ainne1n⁶⁷)</span> <span class='ocrx_word' id='word_1_87' title='bbox 1615 570 1750 623; x_wconf 88' lang='lat' dir='ltr'>religi,</span> <span class='ocrx_word' id='word_1_88' title='bbox 1790 571 1861 611; x_wconf 91' lang='lat' dir='ltr'>sed</span> <span class='ocrx_word' id='word_1_89' title='bbox 1891 584 1936 611; x_wconf 92' lang='lat' dir='ltr'>se</span> <span class='ocrx_word' id='word_1_90' title='bbox 1963 571 2081 624; x_wconf 82' lang='lat' dir='ltr'>dixit,</span> <span class='ocrx_word' id='word_1_91' title='bbox 2122 575 2233 615; x_wconf 88' lang='lat' dir='ltr'>cuius</span> 
     </span>
     <span class='ocr_line' id='line_1_11' title="bbox 89 620 521 665; baseline 0 -3"><span class='ocrx_word' id='word_1_92' title='bbox 89 620 207 663; x_wconf 86' lang='lat' dir='ltr'>filiam</span> <span class='ocrx_word' id='word_1_93' title='bbox 238 623 335 665; x_wconf 91' lang='lat' dir='ltr'>deus</span> <span class='ocrx_word' id='word_1_94' title='bbox 365 624 521 663; x_wconf 86' lang='lat' dir='ltr'>amavit.</span> 
     </span>
    </p>

    <p class='ocr_par' dir='ltr' id='par_1_7' title="bbox 224 675 990 725">
     <span class='ocr_line' id='line_1_12' title="bbox 224 675 990 725; baseline -0.005 -7"><span class='ocrx_word' id='word_1_95' title='bbox 224 678 288 718; x_wconf 90' lang='lat' dir='ltr'>Vs.</span> <span class='ocrx_word' id='word_1_96' title='bbox 321 675 413 718; x_wconf 88' lang='lat'>320.</span> <span class='ocrx_word' id='word_1_97' title='bbox 472 676 714 721; x_wconf 77' lang='lat' dir='ltr'>Parentem,</span> <span class='ocrx_word' id='word_1_98' title='bbox 745 680 990 725; x_wconf 70' lang='lat' dir='ltr'>mati·em.⁸³)</span> 
     </span>
    </p>

    <p class='ocr_par' dir='ltr' id='par_1_8' title="bbox 223 730 1048 784">
     <span class='ocr_line' id='line_1_13' title="bbox 223 730 1048 784; baseline 0.004 -15"><span class='ocrx_word' id='word_1_99' title='bbox 223 733 290 772; x_wconf 85' lang='lat' dir='ltr'>Vs.</span> <span class='ocrx_word' id='word_1_100' title='bbox 322 730 417 773; x_wconf 79' lang='grc'>321,</span> <span class='ocrx_word' id='word_1_101' title='bbox 479 731 691 784; x_wconf 61' lang='lat' dir='ltr'>Gztryitis,</span> <span class='ocrx_word' id='word_1_102' title='bbox 722 732 837 771; x_wconf 88' lang='lat' dir='ltr'>Penei</span> <span class='ocrx_word' id='word_1_103' title='bbox 865 731 1048 772; x_wconf 86' lang='lat' dir='ltr'>fluminis.</span> 
     </span>
    </p>

    <p class='ocr_par' dir='ltr' id='par_1_9' title="bbox 222 785 1313 840">
     <span class='ocr_line' id='line_1_14' title="bbox 222 785 1313 840; baseline 0.002 -13"><span class='ocrx_word' id='word_1_104' title='bbox 222 788 287 827; x_wconf 87' lang='lat' dir='ltr'>Vs.</span> <span class='ocrx_word' id='word_1_105' title='bbox 320 785 414 828; x_wconf 89' lang='lat'>322.</span> <span class='ocrx_word' id='word_1_106' title='bbox 472 786 582 831; x_wconf 83' lang='lat' dir='ltr'>Ima,</span> <span class='ocrx_word' id='word_1_107' title='bbox 613 787 877 827; x_wconf 86' lang='lat' dir='ltr'>fundamenta.</span> <span class='ocrx_word' id='word_1_108' title='bbox 942 785 1092 835; x_wconf 76' lang='lat' dir='ltr'>Tenes,</span> <span class='ocrx_word' id='word_1_109' title='bbox 1117 787 1313 840; x_wconf 87' lang='lat' dir='ltr'>possides.</span> 
     </span>
    </p>

    <p class='ocr_par' dir='ltr' id='par_1_10' title="bbox 228 839 1499 885">
     <span class='ocr_line' id='line_1_15' title="bbox 228 839 1499 885; baseline 0.001 -4"><span class='ocrx_word' id='word_1_110' title='bbox 228 843 294 882; x_wconf 92' lang='lat' dir='ltr'>Vs.</span> <span class='ocrx_word' id='word_1_111' title='bbox 325 839 419 883; x_wconf 87' lang='lat'>323.</span> <span class='ocrx_word' id='word_1_112' title='bbox 480 841 529 880; x_wconf 80' lang='lat' dir='ltr'>St</span> <span class='ocrx_word' id='word_1_113' title='bbox 559 843 681 880; x_wconf 63' lang='lat' dir='ltr'>morlo</span> <span class='ocrx_word' id='word_1_114' title='bbox 712 842 750 881; x_wconf 88' lang='lat' dir='ltr'>id</span> <span class='ocrx_word' id='word_1_115' title='bbox 780 847 840 881; x_wconf 89' lang='lat' dir='ltr'>est</span> <span class='ocrx_word' id='word_1_116' title='bbox 868 847 1030 882; x_wconf 86' lang='lat' dir='ltr'>tantum.</span> <span class='ocrx_word' id='word_1_117' title='bbox 1060 866 1113 871; x_wconf 84' lang='lat'>—-</span> <span class='ocrx_word' id='word_1_118' title='bbox 1144 841 1275 882; x_wconf 80' lang='lat' dir='ltr'>Pater</span> <span class='ocrx_word' id='word_1_119' title='bbox 1305 847 1366 884; x_wconf 84' lang='lat' dir='ltr'>est</span> <span class='ocrx_word' id='word_1_120' title='bbox 1394 843 1499 885; x_wconf 85' lang='lat' dir='ltr'>mihi.</span> 
     </span>
    </p>

    <p class='ocr_par' dir='ltr' id='par_1_11' title="bbox 93 895 2232 1006">
     <span class='ocr_line' id='line_1_16' title="bbox 227 895 2232 955; baseline 0.002 -19"><span class='ocrx_word' id='word_1_121' title='bbox 227 898 292 937; x_wconf 86' lang='lat' dir='ltr'>Vs.</span> <span class='ocrx_word' id='word_1_122' title='bbox 323 895 418 938; x_wconf 88' lang='lat'>324.</span> <span class='ocrx_word' id='word_1_123' title='bbox 478 896 655 935; x_wconf 76' lang='lat' dir='ltr'>Invisum</span> <span class='ocrx_word' id='word_1_124' title='bbox 685 898 812 947; x_wconf 74' lang='lat' dir='ltr'>fatiS‚</span> <span class='ocrx_word' id='word_1_125' title='bbox 854 897 1162 938; x_wconf 86' lang='lat' dir='ltr'>inimicissimum</span> <span class='ocrx_word' id='word_1_126' title='bbox 1177 902 1259 948; x_wconf 76' lang='lat'>⁰⁹),</span> <span class='ocrx_word' id='word_1_127' title='bbox 1293 899 1404 939; x_wconf 87' lang='lat' dir='ltr'>cuius</span> <span class='ocrx_word' id='word_1_128' title='bbox 1435 900 1580 939; x_wconf 75' lang='lat' dir='ltr'>exitum</span> <span class='ocrx_word' id='word_1_129' title='bbox 1609 898 1688 939; x_wconf 86' lang='lat' dir='ltr'>sata</span> <span class='ocrx_word' id='word_1_130' title='bbox 1718 905 1924 954; x_wconf 86' lang='lat' dir='ltr'>peragunt.</span> <span class='ocrx_word' id='word_1_131' title='bbox 1956 923 2003 929; x_wconf 93' lang='lat'>—</span> <span class='ocrx_word' id='word_1_132' title='bbox 2036 901 2124 941; x_wconf 79' lang='lat' dir='ltr'>Aut</span> <span class='ocrx_word' id='word_1_133' title='bbox 2151 915 2232 955; x_wconf 80' lang='lat' dir='ltr'>quo</span> 
     </span>
     <span class='ocr_line' id='line_1_17' title="bbox 93 952 1767 1006; baseline 0.001 -14"><span class='ocrx_word' id='word_1_134' title='bbox 93 952 172 992; x_wconf 79' lang='lat' dir='ltr'>tibi</span> <span class='ocrx_word' id='word_1_135' title='bbox 199 953 334 991; x_wconf 76' lang='lat' dir='ltr'>nostri</span> <span class='ocrx_word' id='word_1_136' title='bbox 364 957 402 992; x_wconf 90' lang='lat' dir='ltr'>et</span> <span class='ocrx_word' id='word_1_137' title='bbox 430 953 538 1004; x_wconf 80' lang='lat' dir='ltr'>reliq.</span> <span class='ocrx_word' id='word_1_138' title='bbox 570 952 753 992; x_wconf 82' lang='lat' dir='ltr'>invidiam</span> <span class='ocrx_word' id='word_1_139' title='bbox 782 952 894 1002; x_wconf 85' lang='lat' dir='ltr'>facit,</span> <span class='ocrx_word' id='word_1_140' title='bbox 926 958 967 992; x_wconf 90' lang='lat' dir='ltr'>ut</span> <span class='ocrx_word' id='word_1_141' title='bbox 997 954 1305 993; x_wconf 83' lang='lat' dir='ltr'>misericordiam</span> <span class='ocrx_word' id='word_1_142' title='bbox 1337 955 1527 1006; x_wconf 88' lang='lat' dir='ltr'>consequi</span> <span class='ocrx_word' id='word_1_143' title='bbox 1557 959 1767 995; x_wconf 86' lang='lat' dir='ltr'>mereatur.</span> 
     </span>
    </p>

    <p class='ocr_par' dir='ltr' id='par_1_12' title="bbox 93 1005 2234 1116">
     <span class='ocr_line' id='line_1_18' title="bbox 224 1005 2234 1064; baseline 0.002 -17"><span class='ocrx_word' id='word_1_144' title='bbox 224 1008 292 1047; x_wconf 88' lang='lat' dir='ltr'>Vs.</span> <span class='ocrx_word' id='word_1_145' title='bbox 321 1005 414 1048; x_wconf 77' lang='lat'>3⁴27.</span> <span class='ocrx_word' id='word_1_146' title='bbox 479 1007 604 1052; x_wconf 75' lang='lat' dir='ltr'>Quem</span> <span class='ocrx_word' id='word_1_147' title='bbox 643 1007 743 1044; x_wconf 73' lang='lat' dir='ltr'>mihi</span> <span class='ocrx_word' id='word_1_148' title='bbox 772 1008 842 1046; x_wconf 69' lang='lat' dir='ltr'>vix</span> <span class='ocrx_word' id='word_1_149' title='bbox 870 1008 1106 1059; x_wconf 32' lang='lat' dir='ltr'>frulqumw)</span> <span class='ocrx_word' id='word_1_150' title='bbox 1147 1013 1185 1047; x_wconf 88' lang='lat' dir='ltr'>et</span> <span class='ocrx_word' id='word_1_151' title='bbox 1223 1009 1333 1060; x_wconf 86' lang='lat' dir='ltr'>reliq.</span> <span class='ocrx_word' id='word_1_152' title='bbox 1372 1010 1475 1050; x_wconf 87' lang='lat' dir='ltr'>bene</span> <span class='ocrx_word' id='word_1_153' title='bbox 1518 1021 1631 1049; x_wconf 85' lang='lat' dir='ltr'>arare</span> <span class='ocrx_word' id='word_1_154' title='bbox 1661 1014 1700 1050; x_wconf 87' lang='lat' dir='ltr'>et</span> <span class='ocrx_word' id='word_1_155' title='bbox 1737 1011 1839 1050; x_wconf 89' lang='lat' dir='ltr'>bene</span> <span class='ocrx_word' id='word_1_156' title='bbox 1874 1021 2038 1064; x_wconf 88' lang='lat' dir='ltr'>pascere</span> <span class='ocrx_word' id='word_1_157' title='bbox 2074 1023 2234 1064; x_wconf 87' lang='lat' dir='ltr'>pecora,</span> 
     </span>
     <span class='ocr_line' id='line_1_19' title="bbox 93 1062 1278 1116; baseline 0.002 -14"><span class='ocrx_word' id='word_1_158' title='bbox 93 1075 183 1104; x_wconf 83' lang='lat' dir='ltr'>nam</span> <span class='ocrx_word' id='word_1_159' title='bbox 211 1063 359 1116; x_wconf 81' lang='lat' dir='ltr'>ingenti</span> <span class='ocrx_word' id='word_1_160' title='bbox 389 1062 541 1102; x_wconf 80' lang='lat' dir='ltr'>honore</span> <span class='ocrx_word' id='word_1_161' title='bbox 569 1063 641 1102; x_wconf 87' lang='lat' dir='ltr'>suit</span> <span class='ocrx_word' id='word_1_162' title='bbox 670 1063 964 1110; x_wconf 74' lang='lat' dir='ltr'>rusticatus.⁷¹)</span> <span class='ocrx_word' id='word_1_163' title='bbox 996 1085 1048 1091; x_wconf 89' lang='lat'>-—</span> <span class='ocrx_word' id='word_1_164' title='bbox 1078 1063 1278 1104; x_wconf 91' lang='lat' dir='ltr'>Pecorum.</span> 
     </span>
    </p>

    <p class='ocr_par' dir='ltr' id='par_1_13' title="bbox 90 1115 2235 1226">
     <span class='ocr_line' id='line_1_20' title="bbox 232 1115 2235 1172; baseline 0.002 -16"><span class='ocrx_word' id='word_1_165' title='bbox 232 1118 298 1156; x_wconf 83' lang='lat' dir='ltr'>Vs.</span> <span class='ocrx_word' id='word_1_166' title='bbox 329 1115 423 1157; x_wconf 80' lang='lat'>328.</span> <span class='ocrx_word' id='word_1_167' title='bbox 489 1115 546 1154; x_wconf 87' lang='lat' dir='ltr'>Te</span> <span class='ocrx_word' id='word_1_168' title='bbox 577 1121 726 1164; x_wconf 68' lang='lat' dir='ltr'>matre,</span> <span class='ocrx_word' id='word_1_169' title='bbox 767 1117 959 1158; x_wconf 86' lang='lat' dir='ltr'>invidiose</span> <span class='ocrx_word' id='word_1_170' title='bbox 994 1122 1154 1170; x_wconf 85' lang='lat' dir='ltr'>propter</span> <span class='ocrx_word' id='word_1_171' title='bbox 1181 1122 1219 1158; x_wconf 88' lang='lat' dir='ltr'>te</span> <span class='ocrx_word' id='word_1_172' title='bbox 1249 1118 1416 1171; x_wconf 90' lang='lat' dir='ltr'>perdidi.</span> <span class='ocrx_word' id='word_1_173' title='bbox 1477 1117 1685 1171; x_wconf 77' lang='lat' dir='ltr'>Reliqua,</span> <span class='ocrx_word' id='word_1_174' title='bbox 1716 1120 1891 1161; x_wconf 86' lang='lat' dir='ltr'>cumulat</span> <span class='ocrx_word' id='word_1_175' title='bbox 1919 1125 2096 1172; x_wconf 86' lang='lat' dir='ltr'>questus,</span> <span class='ocrx_word' id='word_1_176' title='bbox 2126 1123 2235 1169; x_wconf 87' lang='lat' dir='ltr'>ut⁷²)</span> 
     </span>
     <span class='ocr_line' id='line_1_21' title="bbox 90 1172 388 1226; baseline -0.003 -14"><span class='ocrx_word' id='word_1_177' title='bbox 90 1173 215 1226; x_wconf 89' lang='lat' dir='ltr'>magis</span> <span class='ocrx_word' id='word_1_178' title='bbox 245 1172 388 1212; x_wconf 85' lang='lat' dir='ltr'>flectat.</span> 
     </span>
    </p>

    <p class='ocr_par' dir='ltr' id='par_1_14' title="bbox 225 1224 851 1270">
     <span class='ocr_line' id='line_1_22' title="bbox 225 1224 851 1270; baseline -0.005 -3"><span class='ocrx_word' id='word_1_179' title='bbox 225 1228 291 1267; x_wconf 85' lang='lat' dir='ltr'>Vs.</span> <span class='ocrx_word' id='word_1_180' title='bbox 320 1224 414 1267; x_wconf 77' lang='lat'>329.</span> <span class='ocrx_word' id='word_1_181' title='bbox 472 1225 659 1270; x_wconf 75' lang='lat' dir='ltr'>Felices,</span> <span class='ocrx_word' id='word_1_182' title='bbox 689 1226 851 1267; x_wconf 89' lang='lat' dir='ltr'>fertiles.</span> 
     </span>
    </p>

    <p class='ocr_par' dir='ltr' id='par_1_15' title="bbox 91 1279 2240 1488">
     <span class='ocr_line' id='line_1_23' title="bbox 225 1279 2237 1338; baseline 0.002 -17"><span class='ocrx_word' id='word_1_183' title='bbox 225 1283 292 1322; x_wconf 88' lang='lat' dir='ltr'>Vs.</span> <span class='ocrx_word' id='word_1_184' title='bbox 323 1279 418 1323; x_wconf 84' lang='lat'>330.</span> <span class='ocrx_word' id='word_1_185' title='bbox 478 1281 586 1332; x_wconf 82' lang='lat' dir='ltr'>Fer,</span> <span class='ocrx_word' id='word_1_186' title='bbox 615 1281 728 1321; x_wconf 79' lang='lat' dir='ltr'>infer.</span> <span class='ocrx_word' id='word_1_187' title='bbox 788 1281 1003 1334; x_wconf 77' lang='lat' dir='ltr'>Interfi&#39;ce,</span> <span class='ocrx_word' id='word_1_188' title='bbox 1033 1295 1135 1323; x_wconf 89' lang='lat' dir='ltr'>nove</span> <span class='ocrx_word' id='word_1_189' title='bbox 1165 1283 1262 1323; x_wconf 83' lang='lat' dir='ltr'>dixit</span> <span class='ocrx_word' id='word_1_190' title='bbox 1288 1284 1498 1335; x_wconf 71' lang='lat' dir='ltr'>interfice,</span> <span class='ocrx_word' id='word_1_191' title='bbox 1539 1283 1645 1335; x_wconf 87' lang='lat' dir='ltr'>quod</span> <span class='ocrx_word' id='word_1_192' title='bbox 1676 1284 1871 1338; x_wconf 87' lang='lat' dir='ltr'>significat</span> <span class='ocrx_word' id='word_1_193' title='bbox 1895 1285 2056 1325; x_wconf 86' lang='lat' dir='ltr'>interire</span> <span class='ocrx_word' id='word_1_194' title='bbox 2085 1295 2237 1325; x_wconf 86' lang='lat' dir='ltr'>messes</span> 
     </span>
     <span class='ocr_line' id='line_1_24' title="bbox 95 1336 2240 1392; baseline 0.001 -15"><span class='ocrx_word' id='word_1_195' title='bbox 95 1336 189 1388; x_wconf 87' lang='lat' dir='ltr'>[fac]</span> <span class='ocrx_word' id='word_1_196' title='bbox 202 1350 214 1386; x_wconf 93' lang='lat'>;</span> <span class='ocrx_word' id='word_1_197' title='bbox 242 1339 389 1385; x_wconf 73' lang='lat' dir='ltr'>n0n73)</span> <span class='ocrx_word' id='word_1_198' title='bbox 422 1337 578 1389; x_wconf 87' lang='lat' dir='ltr'>proprie</span> <span class='ocrx_word' id='word_1_199' title='bbox 608 1336 715 1376; x_wconf 83' lang='lat' dir='ltr'>dixit.</span> <span class='ocrx_word' id='word_1_200' title='bbox 773 1336 955 1376; x_wconf 78' lang='lat' dir='ltr'>IUNlLlUS</span> <span class='ocrx_word' id='word_1_201' title='bbox 986 1337 1089 1378; x_wconf 91' lang='lat' dir='ltr'>dicit.</span> <span class='ocrx_word' id='word_1_202' title='bbox 1129 1361 1181 1367; x_wconf 77' lang='lat'>-—</span> <span class='ocrx_word' id='word_1_203' title='bbox 1220 1337 1412 1390; x_wconf 74' lang='lat' dir='ltr'>Interfice</span> <span class='ocrx_word' id='word_1_204' title='bbox 1449 1351 1613 1382; x_wconf 85' lang='lat' dir='ltr'>messes,</span> <span class='ocrx_word' id='word_1_205' title='bbox 1652 1340 1763 1392; x_wconf 85' lang='lat' dir='ltr'>quasi</span> <span class='ocrx_word' id='word_1_206' title='bbox 1802 1340 1990 1388; x_wconf 50' lang='lat' dir='ltr'>messim)</span> <span class='ocrx_word' id='word_1_207' title='bbox 2027 1341 2152 1380; x_wconf 86' lang='lat' dir='ltr'>anima</span> <span class='ocrx_word' id='word_1_208' title='bbox 2190 1341 2240 1380; x_wconf 90' lang='lat' dir='ltr'>sit</span> 
     </span>
     <span class='ocr_line' id='line_1_25' title="bbox 91 1391 2240 1447; baseline 0.002 -16"><span class='ocrx_word' id='word_1_209' title='bbox 91 1391 307 1442; x_wconf 79' lang='lat' dir='ltr'>hominum,</span> <span class='ocrx_word' id='word_1_210' title='bbox 337 1392 399 1431; x_wconf 84' lang='lat' dir='ltr'>vel</span> <span class='ocrx_word' id='word_1_211' title='bbox 430 1392 597 1431; x_wconf 85' lang='lat' dir='ltr'>animam</span> <span class='ocrx_word' id='word_1_212' title='bbox 626 1392 773 1431; x_wconf 81' lang='lat' dir='ltr'>habere</span> <span class='ocrx_word' id='word_1_213' title='bbox 802 1391 1019 1434; x_wconf 88' lang='lat' dir='ltr'>secundum</span> <span class='ocrx_word' id='word_1_214' title='bbox 1048 1393 1385 1447; x_wconf 77' lang='lat' dir='ltr'>Pytliag01·am⁷⁵),</span> <span class='ocrx_word' id='word_1_215' title='bbox 1413 1394 1478 1446; x_wconf 91' lang='lat' dir='ltr'>qui</span> <span class='ocrx_word' id='word_1_216' title='bbox 1507 1395 1636 1437; x_wconf 86' lang='lat' dir='ltr'>omnia</span> <span class='ocrx_word' id='word_1_217' title='bbox 1667 1395 1882 1435; x_wconf 85' lang='lat' dir='ltr'>crescentia</span> <span class='ocrx_word' id='word_1_218' title='bbox 1908 1396 2075 1436; x_wconf 84' lang='lat' dir='ltr'>animam</span> <span class='ocrx_word' id='word_1_219' title='bbox 2095 1395 2240 1435; x_wconf 89' lang='lat' dir='ltr'>habere</span> 
     </span>
     <span class='ocr_line' id='line_1_26' title="bbox 93 1446 657 1488; baseline 0 -2"><span class='ocrx_word' id='word_1_220' title='bbox 93 1446 197 1488; x_wconf 88' lang='lat' dir='ltr'>dicit.</span> <span class='ocrx_word' id='word_1_221' title='bbox 257 1447 522 1487; x_wconf 55' lang='lat' dir='ltr'>Gaunmmms</span> <span class='ocrx_word' id='word_1_222' title='bbox 554 1446 657 1486; x_wconf 81' lang='lat' dir='ltr'>dicit.</span> 
     </span>
    </p>

    <p class='ocr_par' dir='ltr' id='par_1_16' title="bbox 93 1499 2238 1600">
     <span class='ocr_line' id='line_1_27' title="bbox 227 1499 2238 1557; baseline 0.001 -15"><span class='ocrx_word' id='word_1_223' title='bbox 227 1503 292 1542; x_wconf 87' lang='lat' dir='ltr'>Vs.</span> <span class='ocrx_word' id='word_1_224' title='bbox 325 1499 419 1543; x_wconf 88' lang='lat'>331.</span> <span class='ocrx_word' id='word_1_225' title='bbox 483 1499 660 1545; x_wconf 82' lang='lat' dir='ltr'>Taedia,</span> <span class='ocrx_word' id='word_1_226' title='bbox 694 1501 864 1543; x_wconf 85' lang='lat' dir='ltr'>taedium</span> <span class='ocrx_word' id='word_1_227' title='bbox 895 1507 955 1543; x_wconf 87' lang='lat' dir='ltr'>est</span> <span class='ocrx_word' id='word_1_228' title='bbox 985 1503 1192 1557; x_wconf 84' lang='lat' dir='ltr'>augurium</span> <span class='ocrx_word' id='word_1_229' title='bbox 1205 1506 1260 1552; x_wconf 74' lang='lat'>⁷⁶)</span> <span class='ocrx_word' id='word_1_230' title='bbox 1292 1503 1429 1544; x_wconf 89' lang='lat' dir='ltr'>mortis</span> <span class='ocrx_word' id='word_1_231' title='bbox 1461 1507 1499 1543; x_wconf 91' lang='lat' dir='ltr'>et</span> <span class='ocrx_word' id='word_1_232' title='bbox 1527 1504 1645 1543; x_wconf 88' lang='lat' dir='ltr'>animi</span> <span class='ocrx_word' id='word_1_233' title='bbox 1675 1515 1756 1544; x_wconf 90' lang='lat' dir='ltr'>non</span> <span class='ocrx_word' id='word_1_234' title='bbox 1785 1505 1961 1557; x_wconf 89' lang='lat' dir='ltr'>corporis</span> <span class='ocrx_word' id='word_1_235' title='bbox 1982 1504 2238 1554; x_wconf 81' lang='lat' dir='ltr'>valetudo.⁷⁷)</span> 
     </span>
     <span class='ocr_line' id='line_1_28' title="bbox 93 1555 578 1600; baseline 0 -5"><span class='ocrx_word' id='word_1_236' title='bbox 93 1581 145 1586; x_wconf 90' lang='lat'><em>—</em></span> <span class='ocrx_word' id='word_1_237' title='bbox 175 1555 354 1600; x_wconf 76' lang='lat' dir='ltr'>Laudis,</span> <span class='ocrx_word' id='word_1_238' title='bbox 387 1556 578 1596; x_wconf 86' lang='lat' dir='ltr'>dictionis.</span> 
     </span>
    </p>

    <p class='ocr_par' dir='ltr' id='par_1_17' title="bbox 226 1604 1613 1663">
     <span class='ocr_line' id='line_1_29' title="bbox 226 1604 1613 1663; baseline 0.001 -13"><span class='ocrx_word' id='word_1_239' title='bbox 226 1613 293 1652; x_wconf 91' lang='lat' dir='ltr'>Vs.</span> <span class='ocrx_word' id='word_1_240' title='bbox 323 1609 416 1653; x_wconf 86' lang='lat'>334.</span> <span class='ocrx_word' id='word_1_241' title='bbox 476 1604 671 1655; x_wconf 73' lang='lat' dir='ltr'>Mllesta,</span> <span class='ocrx_word' id='word_1_242' title='bbox 702 1613 894 1663; x_wconf 77' lang='lat' dir='ltr'>pretiosa,</span> <span class='ocrx_word' id='word_1_243' title='bbox 927 1613 1040 1663; x_wconf 89' lang='lat' dir='ltr'>quasi</span> <span class='ocrx_word' id='word_1_244' title='bbox 1070 1613 1217 1653; x_wconf 87' lang='lat' dir='ltr'>Milesia</span> <span class='ocrx_word' id='word_1_245' title='bbox 1247 1613 1335 1652; x_wconf 83' lang='lat' dir='ltr'>lana</span> <span class='ocrx_word' id='word_1_246' title='bbox 1366 1612 1520 1652; x_wconf 87' lang='lat' dir='ltr'>mollior</span> <span class='ocrx_word' id='word_1_247' title='bbox 1550 1613 1613 1652; x_wconf 87' lang='lat' dir='ltr'>sit.</span> 
     </span>
    </p>

    <p class='ocr_par' dir='ltr' id='par_1_18' title="bbox 91 1664 2239 1776">
     <span class='ocr_line' id='line_1_30' title="bbox 226 1664 2237 1721; baseline 0.002 -14"><span class='ocrx_word' id='word_1_248' title='bbox 226 1668 292 1707; x_wconf 83' lang='lat' dir='ltr'>Vs.</span> <span class='ocrx_word' id='word_1_249' title='bbox 323 1665 415 1708; x_wconf 82' lang='lat'>335.</span> <span class='ocrx_word' id='word_1_250' title='bbox 477 1664 610 1718; x_wconf 69' lang='lat' dir='ltr'>Hyalt</span> <span class='ocrx_word' id='word_1_251' title='bbox 639 1672 802 1718; x_wconf 77' lang='lat' dir='ltr'>sutura,</span> <span class='ocrx_word' id='word_1_252' title='bbox 833 1666 937 1719; x_wconf 82' lang='lat' dir='ltr'>hyali</span> <span class='ocrx_word' id='word_1_253' title='bbox 967 1669 1113 1717; x_wconf 83' lang='lat' dir='ltr'>vitreo,</span> <span class='ocrx_word' id='word_1_254' title='bbox 1146 1668 1257 1718; x_wconf 78' lang='lat' dir='ltr'>albo,</span> <span class='ocrx_word' id='word_1_255' title='bbox 1289 1667 1466 1716; x_wconf 81' lang='lat' dir='ltr'>rubenti3</span> <span class='ocrx_word' id='word_1_256' title='bbox 1499 1667 1576 1707; x_wconf 86' lang='lat' dir='ltr'>duo</span> <span class='ocrx_word' id='word_1_257' title='bbox 1607 1680 1805 1720; x_wconf 80' lang='lat' dir='ltr'>purpurae</span> <span class='ocrx_word' id='word_1_258' title='bbox 1835 1680 2000 1721; x_wconf 83' lang='lat' dir='ltr'>genera,</span> <span class='ocrx_word' id='word_1_259' title='bbox 2030 1681 2108 1708; x_wconf 88' lang='lat' dir='ltr'>una</span> <span class='ocrx_word' id='word_1_260' title='bbox 2138 1682 2237 1710; x_wconf 85' lang='lat' dir='ltr'>cae-</span> 
     </span>
     <span class='ocr_line' id='line_1_31' title="bbox 91 1720 2239 1776; baseline 0.001 -13"><span class='ocrx_word' id='word_1_261' title='bbox 91 1723 223 1774; x_wconf 81' lang='lat' dir='ltr'>rulea,</span> <span class='ocrx_word' id='word_1_262' title='bbox 254 1734 355 1775; x_wconf 82' lang='lat' dir='ltr'>quae</span> <span class='ocrx_word' id='word_1_263' title='bbox 384 1727 422 1762; x_wconf 83' lang='lat' dir='ltr'>et</span> <span class='ocrx_word' id='word_1_264' title='bbox 450 1720 674 1774; x_wconf 73' lang='lat' dir='ltr'>ferruginea</span> <span class='ocrx_word' id='word_1_265' title='bbox 705 1722 868 1772; x_wconf 76' lang='lat' dir='ltr'>dicitur,</span> <span class='ocrx_word' id='word_1_266' title='bbox 900 1721 1021 1762; x_wconf 86' lang='lat' dir='ltr'>altera</span> <span class='ocrx_word' id='word_1_267' title='bbox 1051 1723 1189 1772; x_wconf 86' lang='lat' dir='ltr'>rubra,</span> <span class='ocrx_word' id='word_1_268' title='bbox 1222 1735 1322 1774; x_wconf 87' lang='lat' dir='ltr'>quae</span> <span class='ocrx_word' id='word_1_269' title='bbox 1351 1723 1523 1775; x_wconf 84' lang='lat' dir='ltr'>pretiosa</span> <span class='ocrx_word' id='word_1_270' title='bbox 1555 1727 1636 1772; x_wconf 79' lang='lat' dir='ltr'>est,</span> <span class='ocrx_word' id='word_1_271' title='bbox 1667 1735 1763 1776; x_wconf 88' lang='lat' dir='ltr'>ergo</span> <span class='ocrx_word' id='word_1_272' title='bbox 1791 1723 1894 1776; x_wconf 82' lang='lat' dir='ltr'>hyali</span> <span class='ocrx_word' id='word_1_273' title='bbox 1915 1724 2023 1764; x_wconf 66' lang='lat' dir='ltr'>‘vitro</span> <span class='ocrx_word' id='word_1_274' title='bbox 2055 1724 2155 1765; x_wconf 89' lang='lat' dir='ltr'>albo.</span> <span class='ocrx_word' id='word_1_275' title='bbox 2184 1745 2239 1753; x_wconf 91' lang='lat'>-—</span> 
     </span>
    </p>
   </div>
   <div class='ocr_carea' id='block_1_4' title="bbox 26 1777 2239 1832">
    <p class='ocr_par' dir='ltr' id='par_1_19' title="bbox 26 1777 2239 1832">
     <span class='ocr_line' id='line_1_32' title="bbox 26 1777 2239 1832; baseline 0.002 -16"><span class='ocrx_word' id='word_1_276' title='bbox 26 1778 33 1779; x_wconf 64' lang='grc'><em>’</em></span> <span class='ocrx_word' id='word_1_277' title='bbox 97 1777 278 1823; x_wconf 75' lang='lat' dir='ltr'>Satura,</span> <span class='ocrx_word' id='word_1_278' title='bbox 319 1777 467 1827; x_wconf 79' lang='lat' dir='ltr'>rubeo,</span> <span class='ocrx_word' id='word_1_279' title='bbox 510 1781 652 1815; x_wconf 81' lang='lat' dir='ltr'>saturo</span> <span class='ocrx_word' id='word_1_280' title='bbox 692 1778 827 1830; x_wconf 80' lang='lat' dir='ltr'>largo,</span> <span class='ocrx_word' id='word_1_281' title='bbox 868 1777 1091 1817; x_wconf 86' lang='lat' dir='ltr'>abundante</span> <span class='ocrx_word' id='word_1_282' title='bbox 1126 1778 1189 1817; x_wconf 84' lang='lat' dir='ltr'>vel</span> <span class='ocrx_word' id='word_1_283' title='bbox 1219 1783 1326 1819; x_wconf 86' lang='lat' dir='ltr'>certe</span> <span class='ocrx_word' id='word_1_284' title='bbox 1365 1789 1386 1817; x_wconf 89' lang='lat' dir='ltr'>a</span> <span class='ocrx_word' id='word_1_285' title='bbox 1415 1778 1648 1826; x_wconf 67' lang='grc'>8311116078)</span> <span class='ocrx_word' id='word_1_286' title='bbox 1690 1778 1855 1832; x_wconf 85' lang='lat' dir='ltr'>oppido,</span> <span class='ocrx_word' id='word_1_287' title='bbox 1892 1779 1996 1831; x_wconf 92' lang='lat' dir='ltr'>quod</span> <span class='ocrx_word' id='word_1_288' title='bbox 2036 1784 2097 1819; x_wconf 85' lang='lat' dir='ltr'>est</span> <span class='ocrx_word' id='word_1_289' title='bbox 2130 1781 2239 1821; x_wconf 87' lang='lat' dir='ltr'>iuxta</span> 
     </span>
    </p>
   </div>
   <div class='ocr_carea' id='block_1_5' title="bbox 91 1834 2244 2765">
    <p class='ocr_par' dir='ltr' id='par_1_20' title="bbox 92 1834 316 1874">
     <span class='ocr_line' id='line_1_33' title="bbox 92 1834 316 1874; baseline -0.018 0"><span class='ocrx_word' id='word_1_290' title='bbox 92 1834 316 1874; x_wconf 82' lang='lat' dir='ltr'>Tarentum.</span> 
     </span>
    </p>

    <p class='ocr_par' dir='ltr' id='par_1_21' title="bbox 91 1884 2244 2159">
     <span class='ocr_line' id='line_1_34' title="bbox 226 1884 2238 1940; baseline 0 -13"><span class='ocrx_word' id='word_1_291' title='bbox 226 1889 292 1927; x_wconf 84' lang='lat' dir='ltr'>Vs.</span> <span class='ocrx_word' id='word_1_292' title='bbox 321 1884 412 1928; x_wconf 84' lang='lat'>336.</span> <span class='ocrx_word' id='word_1_293' title='bbox 472 1884 711 1938; x_wconf 69' lang='lat' dir='ltr'>Drymoque</span> <span class='ocrx_word' id='word_1_294' title='bbox 740 1884 992 1938; x_wconf 76' lang='lat' dir='ltr'>Xanthoque</span> <span class='ocrx_word' id='word_1_295' title='bbox 1022 1892 1059 1927; x_wconf 90' lang='lat' dir='ltr'>et</span> <span class='ocrx_word' id='word_1_296' title='bbox 1087 1888 1196 1939; x_wconf 87' lang='lat' dir='ltr'>reliq.</span> <span class='ocrx_word' id='word_1_297' title='bbox 1224 1887 1380 1928; x_wconf 89' lang='lat' dir='ltr'>nomina</span> <span class='ocrx_word' id='word_1_298' title='bbox 1410 1887 1670 1940; x_wconf 86' lang='lat' dir='ltr'>nympharum</span> <span class='ocrx_word' id='word_1_299' title='bbox 1698 1886 1856 1938; x_wconf 81' lang='lat' dir='ltr'>haec⁷⁹)</span> <span class='ocrx_word' id='word_1_300' title='bbox 1885 1891 1990 1937; x_wconf 85' lang='lat' dir='ltr'>sunt,</span> <span class='ocrx_word' id='word_1_301' title='bbox 2022 1887 2071 1927; x_wconf 93' lang='lat' dir='ltr'>de</span> <span class='ocrx_word' id='word_1_302' title='bbox 2096 1887 2238 1939; x_wconf 90' lang='lat' dir='ltr'>quibus</span> 
     </span>
     <span class='ocr_line' id='line_1_35' title="bbox 92 1939 2239 1995; baseline -0 -12"><span class='ocrx_word' id='word_1_303' title='bbox 92 1943 189 1983; x_wconf 88' lang='lat' dir='ltr'>Iuno</span> <span class='ocrx_word' id='word_1_304' title='bbox 228 1944 300 1982; x_wconf 87' lang='lat' dir='ltr'>ait:</span> <span class='ocrx_word' id='word_1_305' title='bbox 342 1946 436 1980; x_wconf 75' lang='lat' dir='ltr'>sunt</span> <span class='ocrx_word' id='word_1_306' title='bbox 465 1941 563 1978; x_wconf 72' lang='lat' dir='ltr'>mihi</span> <span class='ocrx_word' id='word_1_307' title='bbox 593 1939 652 1978; x_wconf 77' lang='lat' dir='ltr'>bis</span> <span class='ocrx_word' id='word_1_308' title='bbox 683 1945 835 1992; x_wconf 76' lang='lat' dir='ltr'>septem</span> <span class='ocrx_word' id='word_1_309' title='bbox 861 1943 1100 1992; x_wconf 72' lang='lat' dir='ltr'>praestanti</span> <span class='ocrx_word' id='word_1_310' title='bbox 1130 1954 1307 1992; x_wconf 79' lang='lat' dir='ltr'>corpore</span> <span class='ocrx_word' id='word_1_311' title='bbox 1345 1941 1570 1994; x_wconf 75' lang='lat' dir='ltr'>nymphae,</span> <span class='ocrx_word' id='word_1_312' title='bbox 1611 1943 1673 1982; x_wconf 88' lang='lat' dir='ltr'>vel</span> <span class='ocrx_word' id='word_1_313' title='bbox 1714 1944 1837 1995; x_wconf 86' lang='lat' dir='ltr'>magis</span> <span class='ocrx_word' id='word_1_314' title='bbox 1878 1940 2042 1982; x_wconf 76' lang='lat' dir='ltr'>conficta</span> <span class='ocrx_word' id='word_1_315' title='bbox 2080 1943 2239 1982; x_wconf 86' lang='lat' dir='ltr'>nomina</span> 
     </span>
     <span class='ocr_line' id='line_1_36' title="bbox 91 1996 2238 2052; baseline -0.001 -13"><span class='ocrx_word' id='word_1_316' title='bbox 91 2000 245 2052; x_wconf 77' lang='lat' dir='ltr'>poetice</span> <span class='ocrx_word' id='word_1_317' title='bbox 274 1997 324 2037; x_wconf 89' lang='lat' dir='ltr'>de</span> <span class='ocrx_word' id='word_1_318' title='bbox 354 1996 515 2046; x_wconf 73' lang='lat' dir='ltr'>officiis,</span> <span class='ocrx_word' id='word_1_319' title='bbox 546 1997 584 2035; x_wconf 91' lang='lat' dir='ltr'>in</span> <span class='ocrx_word' id='word_1_320' title='bbox 614 1996 697 2035; x_wconf 87' lang='lat' dir='ltr'>aliis</span> <span class='ocrx_word' id='word_1_321' title='bbox 726 1997 951 2049; x_wconf 86' lang='lat' dir='ltr'>virginitas,</span> <span class='ocrx_word' id='word_1_322' title='bbox 981 1997 1019 2035; x_wconf 90' lang='lat' dir='ltr'>in</span> <span class='ocrx_word' id='word_1_323' title='bbox 1050 1997 1134 2036; x_wconf 88' lang='lat' dir='ltr'>aliis</span> <span class='ocrx_word' id='word_1_324' title='bbox 1165 1996 1411 2048; x_wconf 84' lang='lat' dir='ltr'>pulchritudo</span> <span class='ocrx_word' id='word_1_325' title='bbox 1442 1997 1593 2037; x_wconf 84' lang='lat' dir='ltr'>formae</span> <span class='ocrx_word' id='word_1_326' title='bbox 1622 2002 1660 2037; x_wconf 89' lang='lat' dir='ltr'>et</span> <span class='ocrx_word' id='word_1_327' title='bbox 1686 1998 1834 2049; x_wconf 88' lang='lat' dir='ltr'>reliqua</span> <span class='ocrx_word' id='word_1_328' title='bbox 1864 1997 1972 2037; x_wconf 85' lang='lat' dir='ltr'>varie</span> <span class='ocrx_word' id='word_1_329' title='bbox 1991 2009 2238 2038; x_wconf 88' lang='lat' dir='ltr'>commemo-</span> 
     </span>
     <span class='ocr_line' id='line_1_37' title="bbox 92 2050 2244 2104; baseline -0.001 -10"><span class='ocrx_word' id='word_1_330' title='bbox 92 2058 241 2094; x_wconf 84' lang='lat' dir='ltr'>rantur.</span> <span class='ocrx_word' id='word_1_331' title='bbox 274 2077 323 2080; x_wconf 92' lang='lat'><strong>—</strong></span> <span class='ocrx_word' id='word_1_332' title='bbox 353 2050 593 2104; x_wconf 70' lang='lat' dir='ltr'>Drymoque</span> <span class='ocrx_word' id='word_1_333' title='bbox 623 2050 876 2103; x_wconf 70' lang='lat' dir='ltr'>Xanthoque</span> <span class='ocrx_word' id='word_1_334' title='bbox 917 2056 956 2091; x_wconf 88' lang='lat' dir='ltr'>et</span> <span class='ocrx_word' id='word_1_335' title='bbox 984 2052 1094 2103; x_wconf 89' lang='lat' dir='ltr'>reliq.</span> <span class='ocrx_word' id='word_1_336' title='bbox 1124 2064 1203 2092; x_wconf 91' lang='lat' dir='ltr'>non</span> <span class='ocrx_word' id='word_1_337' title='bbox 1233 2056 1276 2092; x_wconf 86' lang='lat' dir='ltr'>ut</span> <span class='ocrx_word' id='word_1_338' title='bbox 1305 2052 1366 2091; x_wconf 88' lang='lat' dir='ltr'>alii</span> <span class='ocrx_word' id='word_1_339' title='bbox 1396 2052 1554 2091; x_wconf 86' lang='lat' dir='ltr'>nomina</span> <span class='ocrx_word' id='word_1_340' title='bbox 1595 2051 1827 2102; x_wconf 83' lang='lat' dir='ltr'>herbarum,</span> <span class='ocrx_word' id='word_1_341' title='bbox 1871 2051 2010 2104; x_wconf 88' lang='lat' dir='ltr'>quibus</span> <span class='ocrx_word' id='word_1_342' title='bbox 2050 2052 2136 2093; x_wconf 82' lang='lat' dir='ltr'>lana</span> <span class='ocrx_word' id='word_1_343' title='bbox 2165 2051 2244 2092; x_wconf 50' lang='lat' dir='ltr'>fue</span> 
     </span>
     <span class='ocr_line' id='line_1_38' title="bbox 94 2106 2237 2159; baseline -0.001 -10"><span class='ocrx_word' id='word_1_344' title='bbox 94 2113 251 2159; x_wconf 85' lang='lat' dir='ltr'>scatur,</span> <span class='ocrx_word' id='word_1_345' title='bbox 290 2107 352 2147; x_wconf 88' lang='lat' dir='ltr'>vel</span> <span class='ocrx_word' id='word_1_346' title='bbox 383 2106 548 2146; x_wconf 77' lang='lat' dir='ltr'>conficta</span> <span class='ocrx_word' id='word_1_347' title='bbox 578 2106 735 2146; x_wconf 86' lang='lat' dir='ltr'>nomina</span> <span class='ocrx_word' id='word_1_348' title='bbox 764 2107 936 2159; x_wconf 78' lang='lat' dir='ltr'>poetice,</span> <span class='ocrx_word' id='word_1_349' title='bbox 978 2119 1028 2147; x_wconf 90' lang='lat' dir='ltr'>ne</span> <span class='ocrx_word' id='word_1_350' title='bbox 1058 2111 1286 2159; x_wconf 88' lang='lat' dir='ltr'>procrearet</span> <span class='ocrx_word' id='word_1_351' title='bbox 1325 2106 1525 2146; x_wconf 87' lang='lat' dir='ltr'>fastidium</span> <span class='ocrx_word' id='word_1_352' title='bbox 1556 2106 1757 2148; x_wconf 87' lang='lat' dir='ltr'>hominum</span> <span class='ocrx_word' id='word_1_353' title='bbox 1794 2109 1833 2147; x_wconf 89' lang='lat' dir='ltr'>in</span> <span class='ocrx_word' id='word_1_354' title='bbox 1863 2108 1931 2147; x_wconf 90' lang='lat' dir='ltr'>eis.</span> <span class='ocrx_word' id='word_1_355' title='bbox 1989 2106 2096 2147; x_wconf 87' lang='lat' dir='ltr'>Haec</span> <span class='ocrx_word' id='word_1_356' title='bbox 2126 2107 2237 2148; x_wconf 87' lang='lat' dir='ltr'>acci-</span> 
     </span>
    </p>

    <p class='ocr_par' dir='ltr' id='par_1_22' title="bbox 93 2175 1539 2270">
     <span class='ocr_line' id='line_1_39' title="bbox 119 2175 256 2205; baseline -0.007 -2"><span class='ocrx_word' id='word_1_357' title='bbox 119 2175 256 2205; x_wconf 75' lang='lat' dir='ltr'>lemus.</span> 
     </span>
     <span class='ocr_line' id='line_1_40' title="bbox 93 2177 1539 2270; baseline -0.001 -13"><span class='ocrx_word' id='word_1_358' title='bbox 93 2177 116 2217; x_wconf 74' lang='lat' dir='ltr'>p</span> <span class='ocrx_word' id='word_1_359' title='bbox 227 2219 293 2258; x_wconf 92' lang='lat' dir='ltr'>Vs.</span> <span class='ocrx_word' id='word_1_360' title='bbox 324 2215 418 2258; x_wconf 84' lang='lat'>339.</span> <span class='ocrx_word' id='word_1_361' title='bbox 482 2215 699 2269; x_wconf 68' lang='lat' dir='ltr'>Cydippe,</span> <span class='ocrx_word' id='word_1_362' title='bbox 730 2216 912 2269; x_wconf 83' lang='lat' dir='ltr'>nympha.</span> <span class='ocrx_word' id='word_1_363' title='bbox 947 2242 990 2245; x_wconf 76' lang='lat'>-—</span> <span class='ocrx_word' id='word_1_364' title='bbox 1025 2215 1254 2270; x_wconf 71' lang='lat' dir='ltr'>Lycorias,</span> <span class='ocrx_word' id='word_1_365' title='bbox 1285 2215 1539 2269; x_wconf 63' lang='lat' dir='ltr'>mymphaw)</span> 
     </span>
    </p>

    <p class='ocr_par' dir='ltr' id='par_1_23' title="bbox 227 2270 1031 2314">
     <span class='ocr_line' id='line_1_41' title="bbox 227 2270 1031 2314; baseline -0.001 -2"><span class='ocrx_word' id='word_1_366' title='bbox 227 2274 292 2314; x_wconf 90' lang='lat' dir='ltr'>Vs.</span> <span class='ocrx_word' id='word_1_367' title='bbox 324 2270 418 2313; x_wconf 77' lang='lat'>340.</span> <span class='ocrx_word' id='word_1_368' title='bbox 479 2270 664 2310; x_wconf 76' lang='lat' dir='ltr'>Lucinae</span> <span class='ocrx_word' id='word_1_369' title='bbox 694 2272 733 2311; x_wconf 86' lang='lat' dir='ltr'>id</span> <span class='ocrx_word' id='word_1_370' title='bbox 760 2277 820 2312; x_wconf 89' lang='lat' dir='ltr'>est</span> <span class='ocrx_word' id='word_1_371' title='bbox 848 2272 1031 2312; x_wconf 78' lang='lat' dir='ltr'>Minerva.</span> 
     </span>
    </p>

    <p class='ocr_par' dir='ltr' id='par_1_24' title="bbox 227 2325 1312 2380">
     <span class='ocr_line' id='line_1_42' title="bbox 227 2325 1312 2380; baseline -0.002 -13"><span class='ocrx_word' id='word_1_372' title='bbox 227 2329 294 2368; x_wconf 89' lang='lat' dir='ltr'>Vs.</span> <span class='ocrx_word' id='word_1_373' title='bbox 324 2327 418 2369; x_wconf 88' lang='lat'>341.</span> <span class='ocrx_word' id='word_1_374' title='bbox 483 2326 603 2377; x_wconf 72' lang='lat' dir='ltr'>Clio,</span> <span class='ocrx_word' id='word_1_375' title='bbox 633 2327 814 2380; x_wconf 86' lang='lat' dir='ltr'>nympha.</span> <span class='ocrx_word' id='word_1_376' title='bbox 846 2350 899 2355; x_wconf 92' lang='lat'>-——</span> <span class='ocrx_word' id='word_1_377' title='bbox 934 2325 1096 2371; x_wconf 68' lang='lat' dir='ltr'>Beroe,</span> <span class='ocrx_word' id='word_1_378' title='bbox 1127 2325 1312 2379; x_wconf 84' lang='lat' dir='ltr'>nympha.</span> 
     </span>
    </p>

    <p class='ocr_par' dir='ltr' id='par_1_25' title="bbox 226 2380 1421 2433">
     <span class='ocr_line' id='line_1_43' title="bbox 226 2380 1421 2433; baseline -0.002 -10"><span class='ocrx_word' id='word_1_379' title='bbox 226 2384 294 2423; x_wconf 91' lang='lat' dir='ltr'>Vs.</span> <span class='ocrx_word' id='word_1_380' title='bbox 329 2381 422 2423; x_wconf 85' lang='lat'>342.</span> <span class='ocrx_word' id='word_1_381' title='bbox 482 2380 697 2420; x_wconf 76' lang='lat' dir='ltr'>Ineluctae</span> <span class='ocrx_word' id='word_1_382' title='bbox 724 2381 933 2433; x_wconf 80' lang='lat' dir='ltr'>pellibus,</span> <span class='ocrx_word' id='word_1_383' title='bbox 965 2383 1205 2422; x_wconf 74' lang='lat' dir='ltr'>ven-atricum</span> <span class='ocrx_word' id='word_1_384' title='bbox 1236 2381 1421 2421; x_wconf 82' lang='lat' dir='ltr'>habitum.</span> 
     </span>
    </p>

    <p class='ocr_par' dir='ltr' id='par_1_26' title="bbox 226 2435 1522 2489">
     <span class='ocr_line' id='line_1_44' title="bbox 226 2435 1522 2489; baseline -0.003 -10"><span class='ocrx_word' id='word_1_385' title='bbox 226 2439 292 2479; x_wconf 90' lang='lat' dir='ltr'>Vs.</span> <span class='ocrx_word' id='word_1_386' title='bbox 323 2435 417 2479; x_wconf 84' lang='grc'><strong>343.</strong></span> <span class='ocrx_word' id='word_1_387' title='bbox 482 2435 614 2487; x_wconf 76' lang='lat' dir='ltr'>Opis,</span> <span class='ocrx_word' id='word_1_388' title='bbox 645 2437 828 2489; x_wconf 86' lang='lat' dir='ltr'>nympha.</span> <span class='ocrx_word' id='word_1_389' title='bbox 888 2435 993 2475; x_wconf 77' lang='lat' dir='ltr'>Asia</span> <span class='ocrx_word' id='word_1_390' title='bbox 1023 2435 1216 2487; x_wconf 76' lang='lat' dir='ltr'>Deiopea</span> <span class='ocrx_word' id='word_1_391' title='bbox 1229 2439 1307 2484; x_wconf 79' lang='lat'><strong>⁸¹),</strong></span> <span class='ocrx_word' id='word_1_392' title='bbox 1338 2435 1522 2488; x_wconf 87' lang='lat' dir='ltr'>nympha.</span> 
     </span>
    </p>

    <p class='ocr_par' dir='ltr' id='par_1_27' title="bbox 91 2489 2238 2653">
     <span class='ocr_line' id='line_1_45' title="bbox 225 2489 2237 2544; baseline -0.001 -10"><span class='ocrx_word' id='word_1_393' title='bbox 225 2495 291 2534; x_wconf 93' lang='lat' dir='ltr'>Vs.</span> <span class='ocrx_word' id='word_1_394' title='bbox 322 2491 414 2534; x_wconf 84' lang='lat'>344.</span> <span class='ocrx_word' id='word_1_395' title='bbox 475 2489 703 2535; x_wconf 74' lang='lat' dir='ltr'>Arethusa,</span> <span class='ocrx_word' id='word_1_396' title='bbox 736 2504 811 2532; x_wconf 85' lang='lat' dir='ltr'>una</span> <span class='ocrx_word' id='word_1_397' title='bbox 842 2491 891 2532; x_wconf 86' lang='lat' dir='ltr'>de</span> <span class='ocrx_word' id='word_1_398' title='bbox 920 2492 1121 2544; x_wconf 83' lang='lat' dir='ltr'>nymphis,</span> <span class='ocrx_word' id='word_1_399' title='bbox 1155 2503 1288 2532; x_wconf 88' lang='lat' dir='ltr'>comes</span> <span class='ocrx_word' id='word_1_400' title='bbox 1317 2492 1487 2540; x_wconf 65' lang='lat' dir='ltr'>Dianae7</span> <span class='ocrx_word' id='word_1_401' title='bbox 1520 2490 1751 2544; x_wconf 87' lang='lat' dir='ltr'>sagittarum</span> <span class='ocrx_word' id='word_1_402' title='bbox 1781 2492 1906 2542; x_wconf 88' lang='lat' dir='ltr'>perita</span> <span class='ocrx_word' id='word_1_403' title='bbox 1938 2496 1977 2531; x_wconf 86' lang='lat' dir='ltr'>et</span> <span class='ocrx_word' id='word_1_404' title='bbox 2007 2491 2237 2542; x_wconf 81' lang='lat' dir='ltr'>venationis,</span> 
     </span>
     <span class='ocr_line' id='line_1_46' title="bbox 93 2544 2238 2599; baseline -0.003 -8"><span class='ocrx_word' id='word_1_405' title='bbox 93 2550 182 2592; x_wconf 87' lang='lat' dir='ltr'>ideo</span> <span class='ocrx_word' id='word_1_406' title='bbox 211 2550 330 2590; x_wconf 84' lang='lat' dir='ltr'>velox</span> <span class='ocrx_word' id='word_1_407' title='bbox 362 2548 524 2596; x_wconf 86' lang='lat' dir='ltr'>dicitur;</span> <span class='ocrx_word' id='word_1_408' title='bbox 556 2552 594 2586; x_wconf 84' lang='lat' dir='ltr'>at</span> <span class='ocrx_word' id='word_1_409' title='bbox 620 2547 685 2586; x_wconf 89' lang='lat' dir='ltr'>ubi</span> <span class='ocrx_word' id='word_1_410' title='bbox 714 2546 852 2599; x_wconf 88' lang='lat' dir='ltr'>Alphei</span> <span class='ocrx_word' id='word_1_411' title='bbox 881 2547 988 2587; x_wconf 80' lang='lat' dir='ltr'>fluvii</span> <span class='ocrx_word' id='word_1_412' title='bbox 1018 2549 1210 2595; x_wconf 59' lang='lat' dir='ltr'>amoreffl)</span> <span class='ocrx_word' id='word_1_413' title='bbox 1243 2547 1376 2586; x_wconf 82' lang='lat' dir='ltr'>vitiata</span> <span class='ocrx_word' id='word_1_414' title='bbox 1408 2551 1482 2597; x_wconf 81' lang='lat' dir='ltr'>est,</span> <span class='ocrx_word' id='word_1_415' title='bbox 1499 2546 1644 2586; x_wconf 83' lang='lat' dir='ltr'>reiecta</span> <span class='ocrx_word' id='word_1_416' title='bbox 1666 2558 1686 2585; x_wconf 82' lang='lat' dir='ltr'>a</span> <span class='ocrx_word' id='word_1_417' title='bbox 1710 2545 1832 2587; x_wconf 84' lang='lat' dir='ltr'>Diana</span> <span class='ocrx_word' id='word_1_418' title='bbox 1853 2544 1902 2586; x_wconf 87' lang='lat' dir='ltr'>ad</span> <span class='ocrx_word' id='word_1_419' title='bbox 1922 2546 2238 2596; x_wconf 55' lang='lat' dir='ltr'>elementatum),</span> 
     </span>
     <span class='ocr_line' id='line_1_47' title="bbox 91 2603 797 2653; baseline -0.007 -7"><span class='ocrx_word' id='word_1_420' title='bbox 91 2604 198 2646; x_wconf 91' lang='lat' dir='ltr'>unde</span> <span class='ocrx_word' id='word_1_421' title='bbox 226 2608 315 2644; x_wconf 84' lang='lat' dir='ltr'>nata</span> <span class='ocrx_word' id='word_1_422' title='bbox 345 2609 417 2653; x_wconf 81' lang='lat' dir='ltr'>est,</span> <span class='ocrx_word' id='word_1_423' title='bbox 449 2603 573 2643; x_wconf 86' lang='lat' dir='ltr'>rediit.</span> <span class='ocrx_word' id='word_1_424' title='bbox 716 2608 727 2612; x_wconf 79' lang='grc'><em>’</em></span> <span class='ocrx_word' id='word_1_425' title='bbox 794 2629 797 2631; x_wconf 18' lang='grc' dir='ltr'><strong>Α</strong></span> 
     </span>
    </p>

    <p class='ocr_par' dir='ltr' id='par_1_28' title="bbox 95 2653 2239 2765">
     <span class='ocr_line' id='line_1_48' title="bbox 228 2653 2239 2708; baseline -0.003 -10"><span class='ocrx_word' id='word_1_426' title='bbox 228 2660 294 2698; x_wconf 92' lang='lat' dir='ltr'>Vs.</span> <span class='ocrx_word' id='word_1_427' title='bbox 325 2656 418 2699; x_wconf 83' lang='lat'>345.</span> <span class='ocrx_word' id='word_1_428' title='bbox 478 2656 594 2695; x_wconf 75' lang='lat' dir='ltr'>Inter</span> <span class='ocrx_word' id='word_1_429' title='bbox 623 2669 725 2708; x_wconf 78' lang='lat' dir='ltr'>quas</span> <span class='ocrx_word' id='word_1_430' title='bbox 756 2669 919 2701; x_wconf 78' lang='lat' dir='ltr'>curam,</span> <span class='ocrx_word' id='word_1_431' title='bbox 952 2655 1122 2696; x_wconf 84' lang='lat' dir='ltr'>definitio</span> <span class='ocrx_word' id='word_1_432' title='bbox 1153 2656 1311 2697; x_wconf 88' lang='lat' dir='ltr'>amoris.</span> <span class='ocrx_word' id='word_1_433' title='bbox 1342 2679 1392 2685; x_wconf 91' lang='lat'>-—</span> <span class='ocrx_word' id='word_1_434' title='bbox 1432 2653 1644 2707; x_wconf 76' lang='lat' dir='ltr'>Clymene,</span> <span class='ocrx_word' id='word_1_435' title='bbox 1675 2654 1858 2708; x_wconf 85' lang='lat' dir='ltr'>nympha.</span> <span class='ocrx_word' id='word_1_436' title='bbox 1925 2653 2070 2694; x_wconf 77' lang='lat' dir='ltr'>Curam</span> <span class='ocrx_word' id='word_1_437' title='bbox 2100 2668 2239 2693; x_wconf 75' lang='lat' dir='ltr'>narra-</span> 
     </span>
     <span class='ocr_line' id='line_1_49' title="bbox 95 2710 2236 2765; baseline -0.002 -11"><span class='ocrx_word' id='word_1_438' title='bbox 95 2715 166 2754; x_wconf 85' lang='lat' dir='ltr'>bat</span> <span class='ocrx_word' id='word_1_439' title='bbox 196 2715 381 2757; x_wconf 83' lang='lat' dir='ltr'>immem,</span> <span class='ocrx_word' id='word_1_440' title='bbox 413 2712 570 2765; x_wconf 87' lang='lat' dir='ltr'>quidam</span> <span class='ocrx_word' id='word_1_441' title='bbox 602 2711 821 2765; x_wconf 76' lang='lat' dir='ltr'>distingunt</span> <span class='ocrx_word' id='word_1_442' title='bbox 850 2712 1013 2751; x_wconf 81' lang='lat' dir='ltr'>Vulcani</span> <span class='ocrx_word' id='word_1_443' title='bbox 1044 2723 1177 2750; x_wconf 88' lang='lat' dir='ltr'>curam</span> <span class='ocrx_word' id='word_1_444' title='bbox 1208 2711 1361 2751; x_wconf 84' lang='lat' dir='ltr'>inanem</span> <span class='ocrx_word' id='word_1_445' title='bbox 1373 2723 1385 2760; x_wconf 82' lang='lat'><em>3</em></span> <span class='ocrx_word' id='word_1_446' title='bbox 1417 2713 1602 2751; x_wconf 81' lang='lat' dir='ltr'>maiorem</span> <span class='ocrx_word' id='word_1_447' title='bbox 1624 2710 1858 2763; x_wconf 86' lang='lat' dir='ltr'>zelotypiam</span> <span class='ocrx_word' id='word_1_448' title='bbox 1872 2714 1927 2757; x_wconf 71' lang='lat'>2³⁴)</span> <span class='ocrx_word' id='word_1_449' title='bbox 1951 2710 2236 2763; x_wconf 85' lang='lat' dir='ltr'>intellegamus.</span> 
     </span>
    </p>
   </div>
   <div class='ocr_carea' id='block_1_6' title="bbox 93 2818 2238 3051">
    <p class='ocr_par' dir='ltr' id='par_1_29' title="bbox 93 2818 2238 3051">
     <span class='ocr_line' id='line_1_50' title="bbox 226 2818 2238 2866; baseline -0.002 -11"><span class='ocrx_word' id='word_1_450' title='bbox 226 2825 277 2866; x_wconf 84' lang='grc'>60)</span> <span class='ocrx_word' id='word_1_451' title='bbox 301 2833 418 2856; x_wconf 82' lang='lat' dir='ltr'>vere.</span> <span class='ocrx_word' id='word_1_452' title='bbox 466 2823 517 2864; x_wconf 87' lang='lat'>61)</span> <span class='ocrx_word' id='word_1_453' title='bbox 542 2821 790 2854; x_wconf 84' lang='lat' dir='ltr'>aristheus.</span> <span class='ocrx_word' id='word_1_454' title='bbox 838 2821 890 2863; x_wconf 80' lang='lat'>62)</span> <span class='ocrx_word' id='word_1_455' title='bbox 915 2819 1152 2854; x_wconf 79' lang='lat' dir='ltr'>thesaliae.</span> <span class='ocrx_word' id='word_1_456' title='bbox 1201 2819 1250 2860; x_wconf 81' lang='grc'>63)</span> <span class='ocrx_word' id='word_1_457' title='bbox 1278 2818 1526 2852; x_wconf 84' lang='lat' dir='ltr'>earidicen.</span> <span class='ocrx_word' id='word_1_458' title='bbox 1575 2818 1626 2860; x_wconf 74' lang='grc'>64)</span> <span class='ocrx_word' id='word_1_459' title='bbox 1651 2818 1841 2851; x_wconf 76' lang='lat' dir='ltr'>volaret.</span> <span class='ocrx_word' id='word_1_460' title='bbox 1890 2818 1940 2859; x_wconf 83' lang='lat'>65)</span> <span class='ocrx_word' id='word_1_461' title='bbox 1965 2827 2138 2850; x_wconf 87' lang='lat' dir='ltr'>uxorem</span> <span class='ocrx_word' id='word_1_462' title='bbox 2161 2818 2238 2852; x_wconf 88' lang='lat' dir='ltr'>ho-</span> 
     </span>
     <span class='ocr_line' id='line_1_51' title="bbox 93 2862 2238 2910; baseline -0.005 -4"><span class='ocrx_word' id='word_1_463' title='bbox 93 2873 182 2906; x_wconf 82' lang='lat' dir='ltr'>lare</span> <span class='ocrx_word' id='word_1_464' title='bbox 207 2870 362 2903; x_wconf 89' lang='lat' dir='ltr'>nolens</span> <span class='ocrx_word' id='word_1_465' title='bbox 391 2869 481 2901; x_wconf 88' lang='lat' dir='ltr'>illa.</span> <span class='ocrx_word' id='word_1_466' title='bbox 529 2868 580 2909; x_wconf 84' lang='grc'>66)</span> <span class='ocrx_word' id='word_1_467' title='bbox 604 2867 791 2910; x_wconf 83' lang='lat' dir='ltr'>Temper</span> <span class='ocrx_word' id='word_1_468' title='bbox 814 2873 912 2910; x_wconf 85' lang='lat' dir='ltr'>ptur</span> <span class='ocrx_word' id='word_1_469' title='bbox 938 2872 1081 2909; x_wconf 84' lang='lat' dir='ltr'>tempe</span> <span class='ocrx_word' id='word_1_470' title='bbox 1106 2865 1216 2898; x_wconf 89' lang='lat' dir='ltr'>loca.</span> <span class='ocrx_word' id='word_1_471' title='bbox 1264 2866 1313 2907; x_wconf 87' lang='grc'>67)</span> <span class='ocrx_word' id='word_1_472' title='bbox 1338 2870 1544 2898; x_wconf 68' lang='grc' dir='ltr'>ειειηηὲηι.</span> <span class='ocrx_word' id='word_1_473' title='bbox 1593 2865 1643 2906; x_wconf 91' lang='grc'>68)</span> <span class='ocrx_word' id='word_1_474' title='bbox 1668 2864 1711 2896; x_wconf 85' lang='lat' dir='ltr'>ln&#39;</span> <span class='ocrx_word' id='word_1_475' title='bbox 1729 2869 1816 2896; x_wconf 85' lang='lat' dir='ltr'>textu</span> <span class='ocrx_word' id='word_1_476' title='bbox 1840 2863 1963 2907; x_wconf 82' lang='lat' dir='ltr'>Virgilii</span> <span class='ocrx_word' id='word_1_477' title='bbox 1988 2862 2177 2904; x_wconf 65' lang='lat' dir='ltr'>adfafis,</span> <span class='ocrx_word' id='word_1_478' title='bbox 2204 2865 2238 2896; x_wconf 86' lang='lat' dir='ltr'>in</span> 
     </span>
     <span class='ocr_line' id='line_1_52' title="bbox 95 2910 2238 2961; baseline -0.004 -10"><span class='ocrx_word' id='word_1_479' title='bbox 95 2919 242 2961; x_wconf 81' lang='lat' dir='ltr'>margine</span> <span class='ocrx_word' id='word_1_480' title='bbox 266 2915 443 2949; x_wconf 80' lang='lat' dir='ltr'>adfatus</span> <span class='ocrx_word' id='word_1_481' title='bbox 476 2913 683 2957; x_wconf 86' lang='lat' dir='ltr'>adscriptum.</span> <span class='ocrx_word' id='word_1_482' title='bbox 732 2914 783 2955; x_wconf 84' lang='grc'>69)</span> <span class='ocrx_word' id='word_1_483' title='bbox 810 2912 1190 2946; x_wconf 83' lang='lat' dir='ltr'>animicissimum.</span> <span class='ocrx_word' id='word_1_484' title='bbox 1238 2911 1290 2952; x_wconf 87' lang='grc'>70)</span> <span class='ocrx_word' id='word_1_485' title='bbox 1318 2910 1490 2954; x_wconf 83' lang='lat' dir='ltr'>frigum.</span> <span class='ocrx_word' id='word_1_486' title='bbox 1517 2910 1566 2953; x_wconf 90' lang='grc'>71)</span> <span class='ocrx_word' id='word_1_487' title='bbox 1591 2911 1841 2943; x_wconf 81' lang='lat' dir='ltr'>rusticatas.</span> <span class='ocrx_word' id='word_1_488' title='bbox 1866 2910 1916 2949; x_wconf 82' lang='grc'>72)</span> <span class='ocrx_word' id='word_1_489' title='bbox 1944 2913 2160 2952; x_wconf 79' lang='lat' dir='ltr'>quaestus</span> <span class='ocrx_word' id='word_1_490' title='bbox 2185 2910 2238 2943; x_wconf 85' lang='lat' dir='ltr'>in.</span> 
     </span>
     <span class='ocr_line' id='line_1_53' title="bbox 95 2954 2236 3005; baseline -0.004 -9"><span class='ocrx_word' id='word_1_491' title='bbox 95 2964 146 3005; x_wconf 80' lang='grc'>73)</span> <span class='ocrx_word' id='word_1_492' title='bbox 173 2972 347 2996; x_wconf 85' lang='lat' dir='ltr'>messes</span> <span class='ocrx_word' id='word_1_493' title='bbox 373 2970 467 2993; x_wconf 91' lang='lat' dir='ltr'>non.</span> <span class='ocrx_word' id='word_1_494' title='bbox 515 2959 566 3000; x_wconf 80' lang='grc'>74)</span> <span class='ocrx_word' id='word_1_495' title='bbox 593 2960 764 2991; x_wconf 82' lang='lat' dir='ltr'>messis.</span> <span class='ocrx_word' id='word_1_496' title='bbox 811 2960 862 3000; x_wconf 85' lang='grc'>75)</span> <span class='ocrx_word' id='word_1_497' title='bbox 888 2958 1179 3002; x_wconf 82' lang='lat' dir='ltr'>phitagoram.</span> <span class='ocrx_word' id='word_1_498' title='bbox 1207 2956 1259 2998; x_wconf 84' lang='grc'>76)</span> <span class='ocrx_word' id='word_1_499' title='bbox 1285 2960 1433 3001; x_wconf 64' lang='lat' dir='ltr'>augi-ir.</span> <span class='ocrx_word' id='word_1_500' title='bbox 1461 2957 1512 2998; x_wconf 87' lang='grc'>77)</span> <span class='ocrx_word' id='word_1_501' title='bbox 1537 2955 1751 2989; x_wconf 84' lang='lat' dir='ltr'>ualitudo.</span> <span class='ocrx_word' id='word_1_502' title='bbox 1776 2955 1828 2996; x_wconf 87' lang='grc'>78)</span> <span class='ocrx_word' id='word_1_503' title='bbox 1853 2959 1968 2986; x_wconf 85' lang='lat' dir='ltr'>astar</span> <span class='ocrx_word' id='word_1_504' title='bbox 1991 2963 2053 2987; x_wconf 88' lang='lat' dir='ltr'>so.</span> <span class='ocrx_word' id='word_1_505' title='bbox 2080 2954 2236 2996; x_wconf 61' lang='lat' dir='ltr'>nuhaa</span> 
     </span>
     <span class='ocr_line' id='line_1_54' title="bbox 99 2999 2069 3051; baseline -0.005 -10"><span class='ocrx_word' id='word_1_506' title='bbox 99 3010 152 3051; x_wconf 84' lang='grc'>80)</span> <span class='ocrx_word' id='word_1_507' title='bbox 179 3017 345 3051; x_wconf 82' lang='lat' dir='ltr'>nymen.</span> <span class='ocrx_word' id='word_1_508' title='bbox 392 3006 444 3048; x_wconf 82' lang='grc'>81)</span> <span class='ocrx_word' id='word_1_509' title='bbox 470 3005 569 3049; x_wconf 89' lang='lat' dir='ltr'>deip</span> <span class='ocrx_word' id='word_1_510' title='bbox 584 3015 642 3038; x_wconf 84' lang='lat' dir='ltr'>ea.</span> <span class='ocrx_word' id='word_1_511' title='bbox 690 3004 742 3047; x_wconf 80' lang='grc'>82)</span> <span class='ocrx_word' id='word_1_512' title='bbox 768 3009 810 3038; x_wconf 83' lang='lat' dir='ltr'>et</span> <span class='ocrx_word' id='word_1_513' title='bbox 834 3003 905 3038; x_wconf 88' lang='lat' dir='ltr'>ubi</span> <span class='ocrx_word' id='word_1_514' title='bbox 929 3003 1051 3037; x_wconf 86' lang='lat' dir='ltr'>albei</span> <span class='ocrx_word' id='word_1_515' title='bbox 1074 3001 1216 3036; x_wconf 81' lang='lat' dir='ltr'>fluvia</span> <span class='ocrx_word' id='word_1_516' title='bbox 1240 3012 1368 3036; x_wconf 86' lang='lat' dir='ltr'>more.</span> <span class='ocrx_word' id='word_1_517' title='bbox 1415 3003 1468 3045; x_wconf 78' lang='grc'>83)</span> <span class='ocrx_word' id='word_1_518' title='bbox 1493 3002 1753 3035; x_wconf 85' lang='lat' dir='ltr'>elimentum.</span> <span class='ocrx_word' id='word_1_519' title='bbox 1798 2999 1851 3041; x_wconf 78' lang='lat'>84)</span> <span class='ocrx_word' id='word_1_520' title='bbox 1875 2999 2069 3042; x_wconf 80' lang='lat' dir='ltr'>zelotipi.</span> 
     </span>
    </p>
   </div>
   <div class='ocr_carea' id='block_1_7' title="bbox 1908 3043 1968 3085">
    <p class='ocr_par' dir='ltr' id='par_1_30' title="bbox 1908 3043 1968 3085">
     <span class='ocr_line' id='line_1_55' title="bbox 1908 3043 1968 3085; baseline 0 -23"><span class='ocrx_word' id='word_1_521' title='bbox 1908 3043 1968 3085; x_wconf 75' lang='lat'>4.</span> 
     </span>
    </p>
   </div>
  </div>
 </body>
</html>
