2430 3177
95 721 254 798 opus
272 743 470 799 inceptum
499 754 579 784 non
600 746 661 785 est
681 738 981 794 deponendum,
1011 738 1240 792 priusquam
1267 737 1318 779 ad
1347 736 1463 778 finem
1484 740 1659 791 optatum
1691 735 1741 775 sit
1771 735 2015 788 perductum.
2075 737 2162 785 Qua
2190 736 2240 778 de

95 833 217 864 causa
245 833 351 862 nunc
381 820 752 861 commentariorum
777 817 1012 859 ineditorum
1041 815 1168 856 Iunilii
1187 815 1351 869 Fla'grii,
1385 814 1591 855 Gaudentii
1620 818 1658 854 et
1688 814 1730 854 Τ.
1753 813 1850 854 Galli
1877 814 1917 854 111
1936 814 2085 867 Virgilii
2115 825 2241 867 geor-

93 900 183 953 gica
224 899 537 953 conscriptorum
567 898 719 938 tertiam
757 901 907 950 partem
945 893 1217 948 publicandam
1257 905 1373 943 cure,
1416 897 1454 933 et
1482 891 1736 932 vehementer
1769 879 1887 945 opto,
1922 903 2012 932 cum
2051 892 2128 932 iam
2167 891 2243 932 alia

95 977 396 1028 commentaria,
434 988 536 1028 quae
572 975 793 1015 recentiore
836 971 993 1025 quidem
1027 976 1209 1024 tempore
1237 970 1382 1023 scripta
1411 974 1524 1021 sunt,
1564 969 1635 1010 sed
1675 969 1798 1009 multo
1834 969 1999 1022 amplius
2038 969 2242 1023 Virgilium

95 1054 425 1107 interpretantur,
463 1052 504 1093 in
532 1063 671 1097 manus
702 1062 810 1091 meas
841 1050 1111 1104 pervenerint,
1150 1049 1249 1089 haec
1279 1048 1559 1089 commentaria
1590 1046 1639 1087 ad
1669 1046 1893 1087 umbilicum
1934 1046 2142 1088 adducere.
2200 1046 2244 1087 In

95 1132 166 1184 iiS,
206 1143 304 1184 quas
340 1142 446 1171 nunc
475 1129 526 1170 do
565 1126 911 1184 grammaticorum
945 1132 1124 1169 veterum
1156 1126 1427 1167 adnotationes
1457 1126 1702 1166 narrationes
1733 1128 1772 1164 et
1806 1124 2026 1178 fragmenta
2056 1137 2112 1165 ex*
2133 1128 2245 1177 parte

95 1221 177 1250 non
208 1209 365 1263 cognita
395 1207 549 1248 Aemilii
578 1206 719 1257 Macri,
759 1205 932 1257 Afranii,
962 1204 1184 1257 Alcmanis,
1213 1202 1453 1255 Aurimanti,
1487 1202 1628 1266 Caelii,
1662 1201 1792 1254 Calvi,
1825 1201 2030 1254 Clitarchi‚
2063 1201 2243 1255 Gnipho-

95 1287 182 1338 nis,
213 1285 376 1340 Nigidii,
407 1284 618 1335 Varronis,
650 1283 817 1324 aliorum
846 1283 1109 1323 inveniuntur.

232 1373 402 1414 Difficile
431 1372 526 1413 mihi
555 1376 639 1413 erat
667 1371 915 1422 discernere,
947 1383 1049 1424 quae
1078 1372 1206 1412 scriba
1236 1376 1274 1412 ct
1293 1383 1394 1424 quae
1422 1370 1479 1422 is,
1510 1370 1575 1423 qui
1596 1368 1873 1410 commentaria
1895 1369 2111 1421 excerpsit,
2142 1380 2245 1410 con-

99 1459 160 1495 tra
188 1453 349 1506 linguae
376 1451 537 1491 Latinae
565 1450 675 1503 leges
705 1450 949 1502 peccaverit,
980 1461 1071 1489 nam
1100 1454 1157 1490 tot
1183 1449 1275 1490 vitia
1305 1448 1576 1498 inveniuntur,
1613 1451 1657 1486 ut
1685 1448 1751 1487 vix
1780 1448 1820 1487 in
1848 1446 1975 1487 solum
2005 1447 2172 1487 scribam
2201 1458 2248 1487 ea

98 1531 303 1585 possimus
332 1528 498 1570 referre.
557 1528 718 1570 Scrihae
747 1527 840 1569 vitia
871 1527 1125 1581 corrigenda,
1158 1527 1353 1581 epitomen
1382 1526 1562 1567 facientis
1592 1536 1689 1565 vero
1717 1524 1922 1566 retinenda
1952 1524 2057 1564 duxi.
2111 1524 2249 1565 Falsae

73 1606 349 1651 inveniuntur
377 1606 589 1647 verborum
618 1605 781 1655 formae,
814 1609 857 1644 ut
878 1605 1038 1645 eborem
1070 1604 1149 1656 (ΙΙ,
1182 1598 1312 1655 193.),
1342 1602 1458 1657 ipsud
1491 1602 1558 1654 (ΙΙ,
1593 1600 1723 1654 1050,
1755 1603 1988 1655 pronomina
2017 1615 2111 1640 suus
2141 1606 2179 1643 et
2207 1613 2250 1641 se

97 1697 179 1727 non
207 1689 315 1726 recte
344 1670 681 1732 adhibentur'oef.
711 1682 768 1734 ΙΙ,
798 1680 892 1724 389.
923 1680 1075 1733 478),
1114 1683 1154 1722 111
1185 1682 1479 1723 constructione
1509 1680 1722 1721 accusativi
1753 1692 1842 1720 cum
1870 1679 2060 1720 infinitivo
2089 1679 2250 1733 saepis-

99 1764 200 1804 sime
229 1773 386 1803 errores
414 1761 664 1802 inveniuntur
694 1759 775 1810 (11,
812 1758 906 1801 479.
937 1759 1132 1801 Salustius
1163 1759 1273 1811 dicit,
1304 1755 1425 1799 venti'
1440 1770 1511 1812 per
1540 1770 1634 1799 cava
1665 1762 1796 1798 terrae
1825 1758 1953 1806 citati,
1985 1768 2077 1810 pro:
2108 1761 2250 1798 ventos

100 1842 263 1890 citatos3
292 1839 338 1892 ΙΙ,
369 1839 435 1882 25.
464 1839 703 1893 intellegitur
733 1842 839 1878 terra
869 1822 960 1878 esse
988 1837 1152 1891 frigida,
1182 1842 1220 1877 et
1246 1837 1430 1888 similia),
1461 1847 1741 1888 nonnunquam
1764 1835 2007 1888 participium
2036 1847 2116 1875 non
2142 1836 2181 1875 in
2201 1846 2250 1876 eo

100 1930 196 1961 casu
228 1923 289 1959 est
317 1919 511 1971 positum,
540 1916 580 1956 in
610 1928 688 1968 quo
720 1915 805 1979 eius
837 1919 897 1955 est
926 1914 1214 1956 substantivum
1245 1914 1331 1966 (ΙΙ,
1364 1912 1455 1955 154.
1485 1913 1637 1954 Iasonis
1671 1912 1864 1952 domantis
1896 1915 2030 1952 tauros
2061 1925 2083 1952 a
2111 1912 2251 1953 Medea

101 1996 280 2046 adiutus3
307 1995 363 2048 II,
396 1992 490 2036 488.
521 1993 753 2046 Sperchium
785 2016 834 2022 -—
866 1995 1169 2043 consecratus),
1201 1996 1240 2032 et
1268 1992 1407 2034 similia
1435 1992 1475 2032 in
1505 1990 1773 2045 appositione,
1805 2002 1908 2044 quae
1936 1989 2101 2041 dicitur,
2133 1991 2251 2031 inve-

50 2090 53 2091 ⁷
100 2075 262 2115 niuntur
294 2073 369 2125 (11,
413 2070 502 2113 140.
536 2070 744 2122 Colchide,
783 2071 949 2112 civitatis
982 2069 1186 2123 Scythiae,
1226 2069 1275 2111 cf.
1305 2069 1362 2120 ΙΙ,
1397 2067 1521 2120 146.).
1582 2069 1694 2118 Quae
1722 2072 1906 2121 peccata,
1947 2068 1982 2108 si
2015 2080 2095 2108 non
2134 2079 2254 2121 saepe

101 2151 378 2202 recurrebant,
411 2149 576 2191 correxi.
635 2148 839 2190 Rationem
877 2147 1063 2189 nonnulla
1098 2147 1291 2189 vocabula
1321 2146 1538 2198 scribendi,
1577 2158 1696 2199 quum
1724 2145 1809 2186 fere
1838 2151 2023 2186 constans
2054 2146 2124 2196 sit,
2163 2145 2254 2186 for-

102 2233 211 2269 tasse
242 2240 322 2269 non
350 2231 459 2268 recte
486 2227 526 2266 in
556 2238 666 2277 33111,
706 2237 808 2278 quae
829 2237 912 2286 ¹usu
941 2230 1100 2279 recepta
1129 2229 1190 2265 est
1213 2225 1404 2266 rationem
1434 2225 1581 2265 mutavi
1591 2237 1603 2275 3
1634 2225 1693 2265 sic
1720 2223 1805 2264 sere
1835 2231 1991 2275 semper
2021 2227 2147 2274 aput,
2178 2222 2256 2262 Iza-

105 2304 312 2350 bundare,
344 2305 522 2350 harena,
553 2304 785 2357 saepissime
813 2303 937 2349 illut,
967 2316 1102 2349 umus,
1132 2302 1294 2342 umidus
1325 2302 1520 2344 scribitur.
1578 2302 1621 2342 In
1649 2302 1746 2343 locis
1776 2313 1854 2342 non
1876 2300 2033 2353 paueiS,
2066 2313 2156 2340 cum
2184 2301 2252 2341 in-

104 2385 240 2425 venire
268 2396 347 2424 non
375 2383 591 2436 potuerim,
622 2381 713 2434 quid
741 2381 992 2423 scribendum
1022 2382 1096 2435 sit,
1129 2380 1275 2423 codicis
1305 2380 1538 2436 scripturam
1566 2379 1720 2422 retinui.
1779 2378 1848 2420 His
1886 2378 2137 2431 praemonitis
2176 2378 2252 2419 iam

103 2461 189 2514 ipsa
218 2462 496 2503 commentaria
528 2471 717 2514 propono.
