2430 3177
1231 91 1261 138 8

1116 159 1379 176 Μ

310 224 376 265 Vs.
411 221 501 265 153.
566 220 718 267 orbes,
779 220 871 262 'r0s.

310 280 377 320 Vs.
411 275 500 319 154.
560 276 609 316 In
629 234 797 330 ,pl-ruff,
825 276 865 317 id
895 280 956 316 est
975 274 1133 328 quando
1164 287 1210 317 se
1237 276 1276 316 in
1296 275 1443 318 nodum
1458 277 1518 328 82)
1548 277 1817 332 conglomerat
1835 276 1989 331 anguis.
2037 276 2137 321 Sunt
2164 275 2320 331 quidem

177 340 379 389 serpentes
408 335 448 374 in
477 332 609 382 Italia,
641 332 712 373 sed
741 344 821 372 non
848 331 945 372 tales
976 331 1111 384 quales
1139 332 1180 370 in
1209 331 1391 385 Aegypto
1421 337 1460 373 et
1488 331 1633 373 Africa.
1690 385 1693 386 .

309 390 375 429 Vs.
411 387 501 428 155.
560 385 707 440 Adde,
738 387 824 437 dic;
857 398 1106 439 operumque
1136 385 1337 434 laborem,
1366 387 1558 428 industria
1589 387 1894 428 demonstratur.

311 445 378 485 Vs.
414 441 504 484 156.
568 442 800 495 Conyesta,
843 442 1075 482 coadunata.
1117 464 1172 470 —-
1216 440 1490 495 Praei-aptis,
1531 443 1804 494 eminentibus.
1867 441 2045 495 Oppida
2082 443 2218 489 saxis,
2256 441 2320 484 hic

174 500 307 544 laudat
335 499 485 540 Italiam
515 511 584 552 per
612 499 786 539 civitates
817 502 856 538 et
882 497 1036 551 oppida.
1298 516 1301 519 ·
1578 541 1584 546 ,

308 555 375 595 Vs.
408 552 499 595 157.
556 553 772 598 Flumina,
804 553 909 604 quod
939 552 1069 594 laudat
1099 551 1214 605 etiam
1245 553 1409 592 01011110.
1439 575 1493 581 ——
1527 550 1705 597 Subter,
1735 552 1853 593 infra,

307 611 374 650 Vs.
409 607 499 650 158.
558 606 625 647 An
654 621 762 647 mare
793 613 832 648 et
861 608 1023 660 reliqua.
1082 607 1322 649 Adriaticum
1354 620 1541 661 superum
1570 613 1756 659 vocatur,
1786 607 2032 661 Tyrrhenum
2060 607 2247 659 inferum,
2276 611 2321 652 ut

174 667 356 708 Iummcs
389 670 427 705 et
457 667 739 712 TRAquLLUs
769 662 915 715 dicunt,
947 663 1088 715 quibus
1119 662 1288 704 adluitur
1316 663 1438 704 Italia.
1469 686 1522 693 --
1566 662 1709 708 Mare,
1740 663 1855 716 quod
1884 677 2032 716 snpra,
2062 663 2319 714 Adriaticum,

176 722 291 775 qztod
320 721 455 774 infra,
487 720 743 773 Tyrrhenum.

308 777 375 816 Vs.
408 774 497 816 159.
557 774 680 818 Lari,
719 774 856 815 Larius
895 775 1005 815 lacus
1044 774 1083 814 in
1113 773 1219 815 Italia
1257 773 1330 814 sub
1365 772 1465 813 urbe
1496 772 1631 815 Como.
1689 771 1830 818 Anne,
1869 778 2034 816 naturae
2061 772 2320 823 beneficium3

176 833 236 873 vel
265 830 369 870 Lari
398 831 508 871 lacus
538 832 577 870 in
609 829 729 870 Gallia
764 831 950 882 cisalpina
980 829 1163 870 circuitus
1194 828 1343 869 habens
1373 827 1499 869 stadia
1528 827 1641 867 CXX.
2246 852 2248 856 -

308 887 374 926 Vs.
408 883 498 926 160.
558 883 775 923 Fluctibus
807 890 846 924 et
873 885 1057 936 fremitu,
1085 884 1277 936 'tapinosis
1307 883 1370 923 1110
1391 888 1465 924 est.
1528 881 1718 928 Benace,
1749 883 1928 924 Benacus
1958 883 2067 925 lacus
2096 884 2199 924 inter
2224 882 2317 923 Bri·-

173 943 277 982 xiam
294 943 350 990 33)
384 945 421 981 et
450 941 667 991 Veronam,
707 952 808 992 quae
848 945 939 992 sunt
975 941 1151 980 civitates
1181 939 1392 979 Veneticae
1407 939 1478 988 ³⁴).
1536 938 1854 986 Inummsdicit.
1914 936 2112 978 Benacus
2143 938 2320 979 eiusdem

173 998 348 1051 regionis
388 997 520 1046 lacus,
562 996 746 1036 circuitus
785 995 910 1037 stadia
950 995 1073 1045 mille,
1114 999 1157 1034 ut
1195 997 1399 1034 Ammius
1425 996 1582 1045 Macen,
1622 994 1676 1034 illi
1718 995 1839 1035 multa
1876 993 1987 1036 lacus
2025 1007 2143 1046 quem
2173 994 2322 1035 circum

174 1054 296 1104 milia,
331 1055 590 1091 Gauri-:xnus
621 1051 726 1090 dicit.
778 1051 955 1092 Benacus
986 1049 1253 1104 magnitudine
1280 1061 1353 1090 sua
1381 1049 1551 1090 marinas
1581 1054 1835 1103 tempestates
1864 1050 2048 1091 imitatur.
2078 1071 2134 1079 —
2163 1046 2318 1088 Δάων·

173 1121 295 1160 (senx,
326 1107 562 1147 adcrescens
592 1119 663 1159 pro
695 1105 743 1145 ad
773 1111 929 1160 gentem
948 1108 1019 1154 3⁵).
1266 1141 1273 1145 .
2067 1103 2072 1106 ’

307 1163 374 1203 Vs.
409 1160 499 1203 161.
559 1160 735 1209 Porcus,
775 1164 814 1201 in
852 1163 1012 1209 01111136)
1045 1160 1247 1202 brachium
1279 1160 1425 1201 Caesar
1463 1159 1625 1208 adiecit,
1664 1163 1708 1201 ut
1739 1159 1860 1200 tutior
1898 1164 2005 1199 esset
2038 1160 2117 1200 illic
2154 1159 2320 1201 navibus

174 1221 303 1260 statio.
332 1240 386 1248 --
416 1216 625 1262 Lucrino,
657 1218 764 1257 lacus
798 1216 1044 1269 Campaniae.
1103 1214 1369 1268 Lucrinoque
1400 1215 1551 1253 addita
1582 1214 1778 1254 claustra.
1831 1214 1873 1254 In
1902 1215 2048 1256 Baiano
2077 1215 2166 1255 sinu
2197 1214 2320 1261 Cam-

174 1275 314 1328 paniae
345 1278 481 1313 contra
510 1273 760 1313 Puteolanam
791 1272 984 1312 civitatem
1012 1272 1121 1312 lacus
1153 1272 1231 1312 duo
1262 1276 1352 1312 sunt
1380 1270 1561 1311 Avernus
1594 1275 1631 1310 et
1660 1270 1873 1320 Lucrinus,
1916 1271 1983 1322 qui
2023 1271 2112 1311 olim
2143 1282 2213 1323 per
2244 1282 2320 1312 co-

173 1331 276 1383 piam
307 1329 471 1381 piscium
504 1328 710 1381 vectigalia
741 1339 883 1380 magna
898 1330 954 1375 37)
988 1328 1257 1380 praestabant,
1299 1326 1369 1367 sed
1401 1326 1536 1377 [cum]
1569 1326 1800 1378 plerumque
1836 1326 1969 1366 maris*
1991 1325 2160 1378 impetus
2189 1326 2320 1378 pisces

174 1384 391 1426 includeret
405 1385 486 1434 3ὃ),
518 1387 556 1422 et
585 1382 855 1435 redemptores
881 1384 1014 1436 gravia
1035 1382 1176 1423 damna
1207 1382 1452 1435 patiebantur
1482 1381 1880 1434 supplicaveruntque
1899 1386 2099 1430 senatum,
2132 1385 2170 1421 et
2199 1393 2321 1435 prae-

173 1440 302 1481 fectus
334 1439 378 1478 G.
408 1438 527 1478 Iulius
561 1437 706 1478 Caesar
737 1438 864 1477 ductis
894 1438 1062 1479 brachiis
1092 1439 1259 1478 exclusit
1289 1441 1436 1490 partem
1467 1437 1615 1486 maris,
1649 1448 1750 1487 quae
1779 1441 1870 1477 ante
1898 1435 2040 1477 infesta
2071 1441 2154 1476 erat
2181 1440 2221 1476 01
2249 1448 2320 1477 re-
2373 1458 2377 1459 ν

172 1494 286 1548 liquit
313 1495 435 1534 breve
464 1493 644 1547 spatium,
678 1505 755 1545 quo
785 1494 912 1545 pisces
941 1494 1142 1543 intrarent,
1175 1498 1213 1534 et
1244 1493 1321 1533 hoc
1351 1503 1450 1544 opus
1480 1490 1618 1531 Iulium
1648 1491 1792 1532 dictum
1823 1495 1897 1544 est,
1927 1491 1999 1532 sed
2026 1491 2090 1531 hic
2117 1491 2323 1534 ambitiose

174 1549 319 1592 undam
350 1549 483 1590 Iuliam
515 1549 694 1601 appellat,
730 1548 959 1588 frementem
990 1553 1126 1588 contra
1157 1548 1281 1588 moles
1312 1560 1334 1588 a
1364 1547 1461 1587 Iulio
1491 1548 1651 1598 positas.

310 1605 377 1644 Vs.
411 1602 501 1645 162.
562 1602 844 1655 Indiynatum,
876 1604 1001 1644 simile
1030 1603 1246 1657 indignant,
1277 1615 1323 1645 ac
1351 1614 1422 1654 per
1439 1601 1517 1641 hoc
1537 1613 1698 1653 sonans,
1728 1600 1805 1642 hoc
1835 1606 1896 1642 est
1924 1602 2128 1644 exclusum
2156 1613 2179 1642 a
2207 1602 2323 1644 solita

174 1660 343 1701 licentia.

309 1714 378 1754 Vs.
410 1711 501 1754 163.
562 1711 691 1756 Iulia,
732 1724 753 1752 a
784 1712 881 1752 Iulio
912 1711 1081 1753 Caesare
1119 1712 1220 1753 dicta
1233 1725 1245 1762 3
1285 1711 1490 1752 ambitiose
1529 1710 1673 1751 undam
1712 1709 1847 1752 Iuliam
1887 1711 2053 1765 appellat
2088 1711 2321 1753 frementem

176 1774 313 1811 contra
342 1769 465 1809 moles
497 1781 519 1809 a
548 1767 716 1816 Iulio³⁹)
748 1769 909 1820 positas.
968 1805 969 1808 ,

310 1825 376 1864 Vs.
410 1821 500 1865 164,
560 1822 756 1868 Auernis,
786 1823 914 1863 lacum
944 1821 1143 1862 Avernum
1174 1820 1289 1872 dicit,
1326 1833 1396 1874 per
1425 1833 1542 1873 quem
1573 1820 1776 1873 Augustus
1807 1825 1951 1873 ratem,
1993 1834 2070 1875 qua
2106 1827 2190 1863 erat
2223 1834 2320 1864 usus

177 1880 369 1922 adversus
400 1879 646 1931 Pompeium,
686 1878 856 1930 inmisit,
897 1877 969 1918 sed
1007 1877 1153 1918 idcirco
1191 1876 1292 1917 hanc
1332 1877 1540 1917 stationem
1569 1880 1683 1929 poeta
1715 1875 1868 1929 laudat,
1915 1878 2006 1931 quia
2034 1877 2208 1919 nondum
2239 1883 2321 1920 erat

176 1941 313 1989 portus
344 1934 525 1988 Augusti.

311 1991 378 2030 Vs.
412 1987 504 2030 165.
563 1988 700 2033 Haec,
728 1988 849 2029 Italia.

310 2046 376 2085 Vs.
411 2042 501 2085 166.
560 2043 730 2089 Fluxit,
762 2043 974 2085 abundavit
988 2047 1058 2092 4⁰).

178 2156 193 2196 Ι
235 2156 247 2196 l
312 2101 379 2143 Vs.
414 2097 504 2141 167.
564 2098 694 2144 Aere,
723 2099 837 2140 forte.
884 2122 935 2128 —
981 2099 1147 2138 Marsos
1178 2104 1216 2140 et
1242 2099 1412 2152 reliqua,
1444 2103 1582 2153 gentes
1612 2098 1818 2140 bellicosas
1847 2098 1887 2139 in
1915 2097 2036 2141 Italia.
2097 2098 2318 2145 Sabellam,

198 2162 233 2197 ta
250 2158 362 2197 icam.
2160 2188 2163 2189 γ

310 2212 377 2251 Vs.
409 2208 501 2252 168.
537 2209 808 2257 Adsuetum,
848 2209 1062 2250 exercitum
1094 2209 1217 2260 malo,
1259 2209 1385 2260 fame,
1423 2209 1554 2261 inopia
1583 2209 1712 2249 victus
1724 2222 1736 2258 ;
1777 2209 1990 2248 adsuetum
2016 2209 2125 2249 malo
2154 2209 2322 2264 probare

179 2267 368 2316 adsueto,
400 2267 502 2307 sicut
541 2278 563 2306 0
594 2266 790 2306 contrario
819 2265 930 2306 labor
963 2277 1033 2316 pro
1064 2265 1166 2304 malo
1193 2265 1349 2317 ponitur
1380 2268 1421 2304 ut
1450 2265 1536 2310 ubi:
1577 2263 1651 2302 ille
1680 2264 1768 2303 dies
1795 2265 1953 2316 primus
1983 2264 2059 2304 leti
2082 2266 2322 2319 primusque

181 2321 381 2361 laborum.
450 2320 644 2372 Vulscos,
682 2321 722 2361 in
758 2319 922 2373 Alpibus
949 2320 1081 2359 Vulsci
1117 2325 1219 2360 sunt.
1259 2342 1312 2348 —
1364 2318 1578 2372 Liyurem,
1619 2319 1873 2374 Ligures⁴¹),
1917 2324 1961 2360 ut
1989 2323 2177 2360 N1e1n1us
2215 2321 2320 2373 dicit,

181 2377 353 2417 confines
387 2376 505 2417 Gallis
521 2380 599 2425 ⁴²),
632 2377 803 2416 latrones
832 2380 869 2414 et
899 2373 1146 2428 1111313043),
1180 2375 1318 2429 frigida
1347 2375 1449 2415 enim
1479 2387 1526 2415 ac
1555 2379 1762 2416 montuosa
1791 2375 1892 2427 loca,
1923 2374 1964 2416 id
1993 2380 2054 2416 est
2080 2375 2201 2430 Alpes
2228 2388 2319 2418 ma-

179 2432 298 2482 rinas,
330 2433 516 2473 incolunt.
584 2431 757 2470 Verutos
772 2434 843 2481 ⁴⁴),
873 2431 1020 2470 verutis
1051 2430 1150 2470 teliS.

315 2487 380 2525 Vs.
415 2485 505 2527 169.
555 2485 752 2530 Extulit,
784 2491 902 2526 creat.
952 2483 1131 2529 Decios,
1163 2485 1270 2525 Decii
1301 2484 1379 2526 duo
1408 2484 1566 2525 fuerunt
1595 2490 1705 2538 pater
1733 2490 1772 2527 et
1799 2484 1922 2535 filius3
1951 2497 2021 2539 pro
2050 2485 2248 2538 republica
2276 2497 2322 2528 se

181 2546 418 2591 evoverunt,
450 2553 617 2593 quorum
648 2541 745 2581 alter
774 2541 875 2580 bello
907 2541 1076 2588 Gallico,
1106 2541 1205 2580 alter
1233 2540 1400 2580 Marsico
1430 2539 1588 2580 functus
1619 2544 1691 2580 est.
1723 2562 1774 2569 ———
1805 2539 1989 2584 Marios,
2023 2540 2066 2580 G.
2099 2541 2243 2582 Marius
2272 2541 2323 2582 de

181 2595 392 2648 Iurgutlia,
434 2601 470 2635 et
505 2596 760 2645 Numidiis⁴⁵)
792 2596 1040 2649 triumphavit
1068 2594 1334 2648 Arpisquew)
1367 2599 1406 2635 ct
1437 2594 1600 2634 Cimbris
1633 2595 1779 2635 Galliae
1815 2595 2010 2649 gentibus.
2067 2596 2176 2649 Marii
2211 2596 2322 2638 multi

182 2651 352 2701 suerunt,
385 2662 552 2702 quorum
583 2651 678 2702 [hic]
707 2651 757 2691 VI
787 2651 926 2691 consul
954 2650 1038 2690 fuit.
1099 2648 1299 2688 Camillos
1329 2649 1515 2693 abusive,
1545 2662 1635 2690 nam
1665 2662 1767 2691 unus
1788 2649 1872 2700 suit,
1905 2644 2191 2702 qui‘Gallos⁴⁷)
2221 2663 2321 2705 pro-

182 2708 332 2755 stravit,
393 2705 617 2745 raenomine
637 2705 815 2756 Marcus,
847 2706 910 2746 hic
940 2710 1000 2745 est
1027 2705 1181 2745 Marcus
1212 2704 1403 2745 Maximus
1437 2704 1649 2753 Camillus3
1680 2705 1752 2746 suit
1783 2709 1911 2745 tamen
1942 2711 1979 2746 et
2008 2706 2104 2747 alter
2125 2706 2321 2760 Ligurius,

185 2761 321 2800 Furius
354 2719 537 2801 (Ramillus
570 2759 762 2811 pontifex,
802 2761 868 2813 qui
907 2760 1089 2813 praedam
1120 2760 1212 2801 fecit
1243 2765 1282 2800 et
1309 2759 1469 2801 Latinos
1501 2760 1676 2812 subegit,
1721 2773 1790 2812 per
1828 2772 1930 2812 quae
1967 2765 2095 2803 statua
2134 2761 2218 2802 eius
2245 2762 2323 2802 iam

184 2817 309 2868 posita
338 2816 377 2855 in
406 2816 545 2856 rostris
574 2814 728 2866 publice
757 2820 845 2855 stat.
874 2837 928 2843 —

318 2914 369 2954 32)
404 2913 586 2946 nodium.
635 2912 686 2953 33)
724 2912 871 2945 briem.
919 2913 971 2955 34)
1006 2914 1223 2946 venatice.
1271 2912 1322 2955 35)
1357 2911 1410 2945 Sic
1438 2914 1469 2945 in
1495 2912 1570 2946 cod.
1615 2912 1667 2954 36)
1703 2914 1742 2946 111
1768 2919 1802 2947 fi.
1848 2914 1900 2956 31)
1933 2914 2186 2955 vectiltaliu
2221 2924 2323 2959 mag.

187 2957 710 3002 ³⁸)v0luitneexcluderet‘?
751 2959 920 3000 31011113.
962 2958 1318 3001 40)113111111113ν11.
1359 2959 1409 3000 41)
1436 2958 1624 3002 ligorem
1650 2959 1830 3003 ligores.
1877 2959 1926 3002 42)
1950 2960 2108 3004 gallus.
2148 2961 2198 3001 43)
2218 2959 2324 3004 phy-

185 3009 320 3039 ratae.
371 3004 422 3045 44)
447 3006 629 3037 veritos.
681 3004 732 3045 45)
758 3004 988 3037 numediis.
1038 3005 1089 3046 46)
1116 3004 1203 3038 Haec
1229 3004 1354 3038 turbata
1379 3009 1464 3037 sunt.
1514 3005 1658 3048 Arpis,
1692 3011 1725 3038 ut
1759 3007 1790 3038 in
1823 3005 1895 3039 aliis
1927 3005 2049 3048 codd.,
2084 3005 2135 3039 vel
2167 3005 2323 3052 Arpini

186 3056 316 3084 natus
339 3051 492 3094 scriptum
516 3049 616 3083 fuisse
641 3049 778 3084 videtur.
824 3051 874 3092 47)
900 3049 1055 3094 gallus.
