2430 3177
1136 81 1195 127 19

1038 148 1301 165 Μ

92 216 132 254 et
160 211 280 254 Ceres
309 212 373 254 sol
400 217 440 253 et
467 212 560 254 luna
587 210 853 265 accipiuntur,
893 214 936 251 ut
962 222 1033 264 per
1060 210 1242 250 Liberum
1271 211 1469 252 masculos
1490 212 1548 263 50)
1585 211 1682 254 deos
1711 212 1971 268 significaret,
2010 227 2082 268 per
2109 217 2241 260 lunam

92 280 188 310 vero
215 268 382 308 feminas
413 267 521 309 deas.
577 267 694 308 Liber
719 280 743 310 a
772 266 894 306 libere
923 270 1183 317 commoveat,
1213 264 1323 305 Luna
1353 266 1456 307 enim
1485 267 1656 308 obnoxia
1689 273 1761 321 est,
1794 270 1884 322 quia
1912 269 2144 311 beneficium
2172 273 2240 314 lu-

93 323 208 364 minis
237 335 261 363 a
290 323 375 363 sole
404 323 555 376 accipit.
613 324 794 360 luamus
825 320 930 360 dicit.
1914 350 1920 353 s

225 378 294 420 Vs,
324 376 363 419 8.
428 376 654 416 Chaoniam
688 375 884 428 glandem
924 376 1023 416 lucis
1060 374 1185 425 IoviS‚
1234 375 1301 416 ubi
1337 375 1443 428 Epiri
1481 376 1663 429 glandem
1702 383 1794 419 ante
1829 379 2009 421 homines
2047 380 2241 433 viderunt,

91 443 217 486 quare
244 433 337 473 dum
368 433 580 474 Chaoniam
605 431 717 484 regio
737 433 794 479 51)
826 435 886 470 est
913 431 950 471 in
982 431 1113 483 Epiro,
1145 430 1212 470 ubi
1240 429 1412 483 Iuppiter
1438 433 1650 485 praecipue
1679 434 1830 475 colitur.
1891 436 2071 484 Quercus
2100 437 2179 479 alta
2191 439 2242 485 ⁵²)

92 487 212 529 arbor
241 493 302 529 est
328 489 367 529 in
397 488 500 529 Iovis
528 486 650 526 tutela
669 487 740 536 ⁵³),
773 498 824 525 ex
843 497 920 537 qua
950 486 1115 539 glandes
1138 486 1420 538 nascebantur,
1452 487 1592 538 quibus
1623 487 1800 529 homines
1820 491 2094 542 vescebantur,
2125 496 2243 534 ante-

91 552 210 595 quam
247 548 381 584 essent
419 543 556 595 fruges
595 542 789 581 inventae.
849 543 1005 581 GALLus
1035 541 1138 581 dicit.
1170 562 1225 570 —
1252 537 1397 579 Arista
1425 553 1496 594 pro
1524 542 1744 594 frumento,
1784 547 1955 598 speciem
1994 559 2066 599 pro
2095 559 2244 601 genere

91 598 236 650 posuit.
292 596 459 650 Arista,
497 596 703 636 Aristaeus
725 599 782 644 ⁵4)
811 595 1002 649 Apollinis
1043 600 1082 635 et
1112 595 1292 647 Cyrenae
1310 597 1368 646 55)
1406 596 1507 647 filius
1537 597 1633 648 fuit,
1674 600 1784 639 cuius
1825 600 1956 642 fabula
1984 602 2083 642 ista:
2123 614 2244 655 quum

93 652 303 705 aliquando
344 654 382 693 in
414 652 604 704 quasdam
635 650 822 692 Graeciae
861 652 1037 692 civitates
1068 652 1200 704 gravis
1230 651 1450 704 pestilentia
1487 654 1658 703 venerit,
1698 666 1934 708 responsum
1964 656 2091 708 dedit,
2132 657 2245 698 aliter

93 707 354 762 pestilentiam
375 719 454 747 non
473 719 594 760 posse
614 706 758 756 sedari,
789 707 864 747 nisi
893 717 967 746 suo
987 706 1064 746 filio
1084 705 1336 757 Aristae050)
1365 707 1566 748 vovissent
1586 708 1863 750 candidissima
1892 716 2089 760 armenta3
2119 712 2173 752 illi
2185 715 2242 761 ⁵⁷)

93 762 242 803 electos
272 763 462 803 iuvencos
492 761 680 804 candidos
709 762 750 800 in
780 761 899 802 Ceam
928 762 1096 802 insulam
1127 761 1326 801 duxerunt
1355 767 1394 802 et
1421 762 1474 802 ibi
1502 763 1756 815 reliquerunt.
1815 766 1886 805 Hic
1913 765 2140 816 Aristaeus,
2178 767 2245 819 qui

91 816 317 869 Eurydicen
336 821 392 867 ⁵⁷)
423 831 588 859 uxorem
617 816 764 869 Orphei
791 817 831 856 in
859 821 972 869 prato
1002 817 1120 856 flores
1149 816 1359 870 legentem,
1390 817 1655 858 intermixtam
1683 820 1864 873 nymphis
1885 820 2092 873 adamavit,
2122 822 2244 863 invo-

93 876 205 914 catur
222 875 293 924 ⁵⁸),
325 873 416 925 quia
445 873 508 913 hic
536 873 685 926 primus
715 872 833 913 aratri
862 883 976 911 usum
1002 872 1160 912 invenit.
1221 874 1481 913 Gaunnx‘rms
1510 873 1614 914 dicit.

229 927 297 968 Vs.
326 926 363 969 9.
420 926 670 970 ΑοΙιείοηία,
700 926 894 976 fluvialia3
924 926 1179 976 AcheloniuS,
1210 926 1366 977 fluvius,
1397 940 1477 968 non
1506 929 1613 980 quod
1641 929 1728 981 ipse
1756 930 1866 971 solus
1896 931 1987 972 vino
2014 931 2065 972 sit
2083 932 2243 983 mixtus,

94 981 168 1023 sed
196 982 325 1035 ipsum
355 995 426 1036 pro
457 983 628 1036 qualibet
660 994 762 1034 aqua
792 983 945 1035 posuit,
986 987 1027 1022 et
1054 982 1116 1022 hic
1145 982 1286 1023 fluvius
1327 988 1419 1023 ante
1449 995 1585 1024 omnes
1624 985 1748 1036 primo
1787 986 1932 1028 mixtus
1963 991 2024 1027 est
2049 988 2154 1029 vino.
2190 1011 2246 1016 —

94 1034 353 1134 Aeheloonia,
393 1039 442 1079 de
470 1038 646 1079 Acheloo
688 1041 849 1089 pastore
885 1037 1020 1079 ltaliae
1055 1037 1162 1090 regis
1196 1036 1342 1088 Oenei,
1382 1039 1448 1090 qui
1486 1040 1634 1091 primus
1673 1040 1855 1081 arborem
1893 1041 2032 1082 adtulit
2060 1053 2134 1084 suo
2165 1042 2244 1084 do-

93 1105 202 1134 mmo
269 1105 382 1134 eneo.

229 1149 295 1188 Vs.
329 1146 393 1189 10.
451 1145 720 1191 Praesentia,
749 1147 937 1200 propitia3
969 1145 1106 1185 Fauni
1131 1146 1183 1188 dii
1212 1146 1414 1188 silvestres
1433 1147 1658 1190 Latinorum
1679 1149 1771 1190 dicti
1791 1162 1812 1191 a
1831 1150 1966 1192 Fauno
1985 1164 2082 1206 rege
2100 1152 2245 1204 Italiae,

93 1202 158 1244 vel
187 1216 211 1246 a
239 1202 360 1244 fando
390 1202 495 1252 dicti,
526 1208 570 1243 ut
592 1206 732 1241 VARRO
763 1203 826 1243 ait.
882 1206 1065 1242 luximus
1096 1202 1200 1242 dicit.
1807 1231 1811 1234 .

227 1259 294 1300 Vs.
327 1257 391 1299 11.
448 1257 572 1296 Ferte
602 1262 640 1298 et
670 1257 799 1297 venite
829 1262 868 1298 et
897 1257 988 1298 date
1015 1256 1240 1298 felicitatem
1261 1260 1317 1306 ⁵⁹)
1350 1258 1512 1298 carmini
1540 1271 1707 1300 meo.—
1736 1258 1904 1305 Pedem,
1933 1272 2105 1303 versum,
2136 1260 2244 1316 Dry.

97 1311 208 1363 ades,
238 1313 287 1354 ab
318 1313 526 1354 arboribus
557 1313 696 1353 dictae.

227 1369 294 1410 Vs.
328 1366 391 1409 13.
450 1368 583 1407 Fudit
613 1380 776 1420 equum,
817 1380 962 1420 equum
990 1380 1096 1408 nunc
1126 1368 1219 1409 dicit
1251 1366 1460 1417 Arionem3
1498 1380 1617 1420 quum
1656 1369 1696 1409 in
1726 1370 1930 1413 Thessalia
1960 1372 2128 1413 tridente
2156 1377 2244 1414 ter-

94 1435 180 1464 ram
204 1427 261 1473 ⁶⁰)
291 1423 494 1476 Neptunus
524 1424 807 1476 percussisset,
839 1424 971 1463 exisse
1001 1424 1143 1465 dicitur
1171 1434 1320 1475 equus,
1350 1422 1459 1463 unde'
1483 1424 1687 1477 Neptunus
1714 1426 1906 1477 vequester
1936 1427 2062 1467 dictus
2094 1433 2175 1479 est,
2205 1428 2246 1469 id

96 1486 158 1519 est
186 1480 364 1528 ἴππιος;
394 1479 446 1518 ibi
475 1480 590 1519 etiam
622 1483 736 1518 natus
767 1483 828 1518 est
856 1478 945 1518 fons
976 1479 1232 1532 Hippocrene.
1289 1477 1386 1517 Item
1414 1478 1455 1517 in
1484 1478 1686 1519 Thessalia
1716 1482 1882 1532 primum
1912 1483 2001 1534 equi
2029 1484 2109 1523 nati
2139 1489 2245 1534 sunt,

95 1534 163 1574 ubi
194 1547 284 1574 cum
315 1533 522 1586 aliquando
552 1533 698 1573 flumen
728 1538 835 1573 esset
864 1535 1048 1573 stativum
1068 1538 1120 1581 61)
1165 1538 1203 1573 et
1232 1532 1431 1585 quondam
1461 1533 1659 1586 diruptum
1688 1548 1754 1575 um
1783 1535 2058 1588 habundasse,
2101 1538 2246 1579 dictum

96 1593 171 1640 est,
191 1590 424 1642 Neptunum
453 1589 702 1641 percussisse
731 1589 902 1637 tridenti,
931 1589 1043 1640 quasi
1061 1592 1118 1638 62)
1150 1597 1230 1628 non
1260 1588 1471 1629 credebant
1498 1593 1645 1630 tantam
1674 1590 1752 1630 vim
1782 1603 1907 1642 aquae
1934 1592 2107 1634 humano
2138 1598 2248 1634 motu

97 1645 306 1686 excitatam
335 1644 407 1684 sed
437 1644 566 1684 divino
599 1648 637 1684 et
666 1656 713 1683 ee
741 1648 815 1693 est,
845 1656 920 1683 nec
947 1644 1110 1684 reclusit
1139 1643 1346 1696 captellum
1374 1644 1414 1682 in
1443 1643 1658 1695 Thessalia,
1690 1646 1729 1685 in
1750 1658 1827 1698 qua
1854 1647 2023 1699 primum
2053 1649 2142 1700 equi
2167 1648 2246 1689 do-

95 1700 195 1740 mari
226 1704 452 1753 coeperunt,
485 1704 524 1739 et
552 1698 729 1738 Thessali
757 1698 982 1738 adsidentes
1002 1700 1054 1748 ⁶³)
1086 1699 1196 1751 equis
1227 1710 1346 1750 quum
1375 1702 1512 1738 tauros
1532 1705 1806 1751 sequerentur,
1837 1700 2023 1754 gravibus
2054 1715 2123 1744 eos
2152 1703 2246 1743 vul-

96 1755 257 1795 neribus
287 1754 518 1795 adficiebant
547 1759 585 1795 et
605 1753 797 1806 quosdam
826 1754 1096 1806 adprehensos
1126 1753 1337 1794 domabant
1346 1766 1359 1803 3
1388 1753 1442 1794 illi
1463 1753 1554 1793 dicti
1582 1759 1673 1796 sunt
1691 1756 1919 1807 perfelleres
1938 1757 2246 1810 hippocentauri.

99 1811 256 1850 GAst
288 1810 391 1850 dicit.
423 1832 474 1838 —
504 1807 694 1861 Equum,
731 1809 946 1862 Pegasum,
988 1810 1081 1861 quia
1108 1809 1312 1861 Neptunus
1341 1810 1382 1849 in
1410 1809 1599 1861 principio
1625 1815 1768 1850 terram
1798 1813 1994 1863 percussit
2021 1813 2180 1853 tridenti
2209 1817 2248 1854 et

95 1864 189 1906 inde
219 1876 343 1918 equus
372 1864 546 1918 Pegasus
575 1865 767 1916 prosiluit,
798 1869 840 1904 ut
868 1864 1065 1916 MesapuS,
1097 1876 1241 1916 equum
1271 1863 1454 1911 domitor,
1483 1864 1651 1916 Neptuni
1679 1866 1822 1917 proles.
1861 1869 2047 1906 luximus
2077 1867 2247 1909 dicit.—

98 1918 277 1973 Equum‚
308 1932 428 1973 quum
457 1920 505 1959 ab
536 1919 620 1972 Ope
648 1931 720 1971 pro
748 1918 933 1971 Neptuno
963 1920 1015 1958 sit
1045 1929 1168 1971 equus
1196 1918 1424 1971 subpositus
1454 1919 1647 1971 Saturno,
1677 1933 1748 1973 pro
1776 1921 1870 1962 Iove
1898 1922 2020 1976 lapiS,
2049 1922 2114 1963 hic
2143 1935 2246 1965 con—

97 1976 204 2017 venit
231 1975 453 2028 Neptunum
479 1976 665 2015 invocare
694 1974 743 2013 de
775 1976 886 2026 equis
916 1973 1106 2014 dicturus.
1161 1976 1342 2012 lusimus
1370 1973 1475 2014 dicit.

234 2031 300 2070 Vs.
336 2028 398 2070 14.
461 2028 610 2068 Cultor
638 2041 710 2082 pro
739 2029 881 2079 incola,
915 2029 954 2070 id
974 2033 1035 2069 est
1053 2028 1247 2078 Aristaee,
1279 2040 1396 2080 quem
1423 2028 1515 2069 dicit
1532 2029 1730 2070 Hesiodus
1747 2029 1967 2084 Apollinem
1994 2033 2246 2085 pastoralem.

104 2083 224 2130 Ceae,
252 2085 381 2127 insula
410 2085 450 2124 in
470 2085 629 2125 Oceano
648 2084 900 2134 fertilissima,
930 2083 1136 2124 Aristaeus
1156 2085 1210 2135 ⁶⁴)
1242 2083 1344 2124 hanc
1363 2085 1488 2125 tenuit
1505 2085 1628 2138 primo
1647 2084 1870 2128 hominibus
1898 2099 2076 2139 vacuam,
2108 2093 2246 2141 postea

100 2153 146 2183 ea
175 2141 312 2183 relicta
342 2152 431 2181 cum
459 2140 634 2180 Daedalo
654 2142 710 2188 ⁸⁵)
738 2141 947 2180 transitum
976 2139 1070 2180 fecit
1098 2141 1137 2180 in
1168 2139 1399 2181 Sardiniam.

234 2197 301 2236 Vs.
334 2195 398 2237 15.
463 2193 542 2234 Ter
572 2199 732 2234 eentum
773 2207 845 2248 pro
886 2195 1045 2246 multis,
1089 2195 1279 2239 dumeta,
1325 2206 1466 2247 aspera
1509 2205 1683 2248 pascua,
1727 2196 1892 2251 spineta.
1935 2217 1991 2227 —-
2039 2195 2245 2243 Tondeat,

99 2256 325 2293 vescuntur.

236 2307 302 2347 Vs.
335 2304 399 2347 16.
457 2304 630 2358 Lycaei,
659 2305 839 2359 Lycaeus
869 2316 982 2346 mons
1010 2304 1216 2346 Arcadiae.

233 2362 300 2402 Vs.
333 2360 397 2402 17.
456 2360 563 2400 Pan.
619 2362 722 2403 Pana
751 2361 939 2403 Pindarus
970 2373 1019 2401 ex
1049 2360 1230 2414 Apolline
1260 2364 1299 2402 et
1326 2360 1518 2414 Penelopa
1560 2361 1599 2401 in
1627 2361 1783 2414 Lycaeo
1811 2366 1945 2404 monte
1973 2362 2119 2404 editum
2138 2364 2245 2405 scri-

98 2416 169 2469 bit,
198 2417 263 2460 alii
292 2429 342 2458 ex
368 2417 542 2457 Aethere
574 2421 611 2457 et
640 2417 818 2458 Oenone.
848 2440 901 2446 —-
934 2415 997 2461 Si,
1025 2416 1230 2468 siquidem.
1288 2415 1500 2461 Maenala,
1532 2428 1646 2458 mons
1673 2416 1878 2458 Arcadiae.
1907 2442 1962 2447 —

234 2473 301 2514 Vs.
335 2470 398 2514 18.
465 2471 503 2511 0
538 2470 722 2524 Teyaee,
751 2471 967 2512 derivatum
997 2484 1019 2512 a
1049 2472 1230 2525 Tegaeo,
1269 2471 1411 2524 oppido
1440 2472 1654 2524 Arcadiae,
1694 2473 1783 2524 quia
1811 2477 1902 2526 post
1930 2478 2098 2515 mortem
2125 2473 2245 2515 Ulixis

101 2527 440 2569 Mercuriuscum
470 2539 595 2568 uxore
624 2528 708 2568 eius
736 2527 929 2581 Penelopa
959 2527 1171 2568 concubuit
1199 2531 1238 2566 et
1265 2526 1467 2580 gravidam
1496 2526 1606 2577 fecit,
1639 2532 1678 2568 et
1704 2528 1744 2567 in
1773 2534 1906 2569 monte
1933 2529 2111 2570 Maenalo
2139 2530 2247 2570 iuxta

103 2583 290 2635 oppidum
326 2578 527 2637 Tegaeum
569 2584 734 2637 parturit
770 2583 873 2624 Pana
910 2581 1079 2634 ideoque
1118 2581 1214 2622 dixit
1241 2582 1454 2635 Tegaeum.
1521 2582 1757 2635 Tribrachys
1785 2583 1967 2638 Tegaeus
2005 2597 2123 2637 pecra
2158 2586 2244 2637 pri-

102 2649 190 2680 mus
209 2641 282 2687 55).
312 2660 368 2668 -
402 2637 610 2690 oleaeque
640 2637 868 2678 Minervae.
933 2637 1034 2679 Sunt
1062 2638 1127 2690 qui
1157 2637 1292 2678 dicunt
1318 2636 1484 2677 Athenis
1512 2638 1710 2691 prolatum
1740 2650 1846 2691 esse,
1863 2639 1991 2681 olivae
2009 2643 2065 2688 εἰ“’)
2093 2651 2245 2681 ramum

238 2770 291 2812 5⁰)
316 2767 416 2803 Cod.:
440 2770 687 2804 masculum.
741 2771 793 2812 51)
819 2769 925 2804 Cod.:
949 2771 1053 2814 regi.
1111 2769 1162 2812 52)
1181 2769 1283 2804 Cod.:
1309 2776 1360 2803 at.
1418 2773 1469 2809 53)
1496 2768 1600 2805 Cod.:
1626 2771 1798 2805 tutella.
1855 2771 1906 2813 54)
1933 2769 2038 2804 Cod.:
2061 2771 2243 2805 aristus.

102 2815 154 2858 55)
179 2813 281 2848 Cod.:
307 2814 519 2849 Coronae.
564 2817 616 2857 56)
643 2815 747 2849 Cod.:
773 2816 862 2850 ille.
910 2817 961 2858 57)
986 2816 1087 2850 Cod.:
1113 2816 1345 2850 aristheus
1371 2818 1441 2861 qui
1466 2817 1710 2850 euridicen.
1766 2818 1817 2859 58)
1844 2817 1944 2850 Cod.:
1972 2816 2244 2850 adamaverit

104 2862 288 2895 invocat
311 2872 401 2894 eum
425 2863 538 2905 quia.
585 2862 637 2903 59)
664 2861 768 2896 Cod.:
794 2867 832 2895 et
856 2868 994 2896 aniate
1019 2862 1302 2896 felicitatem.
1364 2863 1416 2904 6⁰)
1449 2862 1533 2896 Cod.
1561 2864 1791 2897 vitiosissime:
1825 2867 1937 2906 quae
1968 2867 2039 2895 ute
2080 2873 2099 2895 e
2131 2863 2245 2896 salia

104 2907 423 2942 tridentetraffi.
471 2908 521 2950 61)
547 2907 650 2942 Cod.:
686 2918 787 2941 esse
810 2910 990 2942 statium
1015 2913 1053 2942 et
1078 2909 1262 2952 quenda.
1308 2908 1530 2952 diruptum
1563 2913 1586 2942 ῦ
1628 2909 1920 2942 habundasse,
1976 2907 2158 2949 ⁶21C0d.:
2183 2920 2245 2953 qs.

104 2953 155 2995 83)
191 2952 294 2988 Cod.:
333 2953 511 2987 domare
546 2958 790 2998 coeperunt
827 2965 847 2987 a
884 2954 1050 2987 tesalia
1088 2955 1351 2988 adsidentis.
1407 2958 1458 2994 64)
1496 2953 1601 2988 Cod.:
1639 2956 1805 2988 aristei.
1852 2953 1903 2996 65)
1930 2952 2034 2988 Cod.:
2060 2954 2246 2988 declaro.

104 2999 155 3041 ⁸6)
172 2999 226 3033 Sic
248 2998 326 3033 cod.
371 2998 558 3044 Legendum
583 3010 659 3033 esse
689 2999 834 3035 videtur:
869 2999 1097 3045 Tegaeum.
1144 2999 1328 3046 Tegeum
1364 3000 1644 3044 tribrachys,
1681 3000 1874 3045 Tegeaee
1908 3010 2050 3044 paeon
2086 3001 2246 3045 primus

106 3044 360 3089 [tertius?].
405 3046 458 3088 οἵ)
475 3044 578 3079 Cod.:
603 3045 734 3080 ovile.

1895 3101 1957 3145 34(-
