2430 3177
1168 97 1234 144 29

121 244 258 284 unum,
288 237 329 273 ut
359 232 450 284 dixi,
482 232 670 282 solemne,
702 231 807 274 aliud
832 231 1029 282 viaticum,
1061 243 1149 272 cum
1168 231 1218 272 ad
1239 242 1402 272 coenam
1425 235 1704 282 convocentur,
1734 230 1894 273 tertium
1924 231 2089 285 geniale,
2120 234 2280 285 quoda]

123 290 241 341 genio
272 293 410 328 nostro
440 288 702 340 indulgemus.

256 343 323 383 Vs.
353 342 417 383 75.
479 340 773 384 Lusci-abimus,
803 340 1082 393 purgabimus,
1128 342 1233 382 unde
1262 345 1300 382 et
1330 341 1561 383 ambarvalis
1581 344 1638 390 ³⁰)
1670 342 1811 383 dicitur
1839 342 1967 384 hostia
1998 343 2044 383 ab
2076 343 2281 383 ambiendo

124 410 230 449 arva,
260 398 299 438 id
330 403 402 446 est,
435 398 684 450 purificamus
715 393 928 437 sacrificiis.

253 454 318 492 Vs.
352 450 416 492 76.
475 451 586 491 Dum
616 454 716 502 z'uqa
746 452 894 489 montis
926 463 1040 502 aper,
1069 451 1133 492 hic
1164 452 1212 491 ad
1243 457 1409 505 tempus,
1441 452 1530 492 alibi
1551 454 1652 492 enim
1681 453 1720 492 in
1749 458 1993 505 perpetuum,
2023 457 2067 495 ut
2098 453 2138 490 in
2168 453 2281 503 freta

121 507 217 546 dum
242 507 362 560 fluvii
392 512 575 555 currunt,
605 506 700 544 dum
728 505 934 545 montibus
965 506 1139 545 umbrae.
1162 510 1218 555 ³1)

256 563 319 602 Vs.
352 561 416 603 77.
482 561 657 614 Thymo,
698 573 823 614 genus
864 562 1023 615 virgulti
1062 562 1249 602 florentis.
1290 584 1338 590 --
1379 559 1492 599 Dum
1520 574 1634 606 rore,
1674 561 1801 602 donce
1839 574 1904 602 ros
1936 569 2009 604 est.
2081 560 2279 614 Cic-adae,

120 629 289 658 vermes.

251 674 317 717 Vs.
350 671 413 713 78.
472 671 636 718 Honos,
664 671 803 711 honor.
849 672 982 711 Honos
1012 673 1052 711 in
1081 672 1293 722 sacrificiis,
1324 684 1470 712 nomen
1500 672 1537 711 in
1562 672 1861 724 praedicatione,
1892 671 2027 713 lau-des
2057 673 2094 711 in
2116 672 2276 712 meritis.

254 729 319 768 Vs.
351 726 416 767 79.
476 726 676 772 Baccho,
713 726 853 766 Libero
893 727 1001 779 patri.
1041 750 1094 756 ——
1142 727 1197 766 Ut
1238 726 1416 766 Baccho
1455 725 1698 779 Cererique,
1739 729 1796 767 sic
1824 727 1892 767 tibi
1921 726 2134 778 Daphnidi,
2166 728 2277 778 quasi

118 784 233 824 tertio
273 783 368 832 deo,
400 782 531 822 Cereri
562 787 692 822 autem
724 788 882 835 propter
912 781 1066 833 aridos,
1109 782 1247 823 Libero
1278 788 1438 836 propter
1466 782 1648 823 humidos
1678 783 1849 832 fructus,
1890 782 2083 834 Daphnidi
2121 788 2278 835 propter

117 838 313 890 pecudum
333 839 389 884 ⁸²)
422 842 647 890 proventus.
707 850 889 877 ius-lmus
921 837 1023 876 dicit.

250 893 315 933 VS.
345 891 410 934 80.
469 891 723 941 Damnabis,
761 893 961 946 alligabis3
999 892 1228 944 damnatus,
1272 893 1450 934 addictus
1490 898 1527 933 et
1566 893 1792 943 absolutus,
1835 897 1878 933 ut
1915 905 2143 931 ncnoecms
2174 892 2275 931 dicit.

123 945 187 985 Tu
217 961 380 999 quoqne
411 948 532 991 votis,
564 953 655 988 vota
687 953 752 988 tua
782 948 901 988 multa
932 947 1161 989 adorabunt.
1188 971 1236 976 —
1265 947 1327 987 Tu
1358 961 1520 1001 quoque
1551 949 1671 992 votis,
1704 949 1884 989 discissio
1914 948 1989 987 hic.
2011 970 2065 976 -—-
2094 945 2276 985 Damna-

118 1001 203 1046 bis,
244 1003 477 1047 devovebis,
501 1004 558 1053 33)
598 1004 698 1043 votis
736 1015 827 1043 reos
862 1002 1005 1050 facies,
1047 1003 1323 1044 condemnabis
1364 1010 1402 1044 et
1438 1015 1528 1044 reos
1558 1009 1740 1045 votorum
1768 1003 1912 1053 facies,
1950 1003 2027 1043 hoc
2057 1007 2137 1052 est,
2180 1003 2276 1042 alios

117 1057 317 1100 damnabis
348 1071 427 1098 non
457 1057 733 1108 sacrificantes,
768 1059 828 1097 vel
856 1058 1059 1108 superabis
1089 1059 1186 1098 alios
1219 1059 1313 1098 deos
1345 1058 1544 1099 sacrificiis
1577 1061 1666 1098 tuis.
1725 1071 1979 1098 moneamus
2009 1058 2112 1097 dicit.

251 1113 314 1153 Vs.
343 1112 408 1155 81.
471 1113 584 1157 Quae.
614 1112 707 1155 tibi,
736 1117 780 1151 ut
807 1113 877 1149 ibi:
909 1123 1009 1160 quae
1039 1112 1155 1162 digna
1185 1124 1256 1161 pro
1285 1113 1465 1152 laudibus
1493 1114 1616 1152 istius.
1676 1125 1857 1151 lominus
1887 1113 1991 1152 dicit.

248 1168 313 1206 Vs.
344 1167 409 1208 82.
481 1167 690 1205 Venientes
721 1164 866 1203 sibilus
898 1165 1040 1209 austri,
1075 1165 1242 1205 molliter
1273 1171 1311 1206 et
1341 1167 1481 1207 leniter
1508 1167 1712 1206 venientis.
1743 1189 1797 1196 —-
1826 1165 1973 1219 Neque
2002 1179 2061 1205 me
2088 1168 2206 1208 iuvat.

248 1222 314 1262 Vs.
346 1219 412 1263 83.
471 1219 678 1258 Percussa
709 1221 784 1259 leni
814 1221 990 1272 strepitu.
1050 1218 1210 1263 lavant,
1243 1220 1450 1261 delectant.

248 1277 315 1316 Vs.
347 1276 414 1318 84.
475 1276 677 1327 saxosas,
709 1277 894 1326 quoniam
922 1274 1115 1315 iucundus
1146 1275 1302 1317 auditur
1331 1288 1476 1328 sonus,
1509 1277 1690 1328 quotiens
1723 1289 1823 1329 aqua
1852 1277 2059 1331 prosiliens
2080 1279 2136 1327 ³⁴)
2167 1279 2274 1319 saxis

112 1331 334 1386 impeditur.

246 1388 312 1427 Vs.
345 1386 410 1428 85.
471 1386 566 1424 Hac
596 1391 636 1425 te
665 1398 740 1423 nos
772 1389 890 1437 ante,
930 1385 1006 1425 hoc
1035 1390 1074 1425 te
1102 1387 1273 1426 carmine
1304 1386 1534 1427 donabimus
1565 1388 1758 1428 bucolico.
1818 1387 1984 1440 Frayili
2016 1389 2168 1433 cicuta,
2200 1388 2276 1429 hoc

115 1447 176 1484 est
205 1455 363 1483 carmen
392 1443 626 1483 bucolicum.
687 1440 796 1492 Hac,
828 1453 915 1480 cum
946 1453 1022 1492 qua
1052 1440 1101 1480 de
1131 1442 1268 1482 ovibus
1300 1443 1601 1494 pastoribusque
1632 1443 1795 1483 cantavi.
1827 1466 1881 1473 —
1911 1442 2008 1481 Huc
2039 1447 2078 1481 te
2107 1457 2197 1489 nos,
2218 1446 2273 1492 ³⁵)

113 1498 165 1538 ad
190 1499 416 1539 memoriam
445 1498 639 1538 iucundae
666 1497 924 1537 contentionis
954 1497 1052 1535 alter
1072 1496 1235 1536 alterum
1256 1499 1485 1548 muneravit,
1507 1500 1562 1546 ⁸⁶)
1595 1497 1659 1537 hic
1679 1497 1776 1537 duas
1796 1499 1881 1538 illas
1902 1499 2061 1552 eclogas
2090 1500 2275 1553 superio-

114 1564 179 1593 res
212 1552 314 1593 dicit.
372 1551 645 1595 Donabinms,
678 1552 888 1605 allegorice
918 1551 1187 1592 Octavianum.
1250 1550 1411 1595 Cicuta,
1444 1555 1615 1593 carmine
1644 1554 1839 1594 bucolico.

249 1608 314 1647 Vs.
346 1606 412 1647 86.
470 1606 659 1645 Ardebat
688 1605 868 1650 Alea-im,
898 1608 955 1646 sic
985 1611 1023 1646 te
1054 1605 1261 1659 diligimus.

246 1663 312 1702 Vs.
343 1661 409 1703 87.
469 1660 650 1705 Docuit,
683 1663 843 1709 cecinit,
874 1662 896 1700 i.
920 1674 952 1701 e.
984 1662 1048 1701 illa
1080 1662 1205 1702 cicuta
1236 1662 1301 1701 tibi
1332 1661 1498 1713 dabitur,
1529 1663 1568 1702 in
1598 1676 1674 1715 qua
1703 1663 1797 1703 illud
1828 1676 2059 1717 expressum
2090 1669 2151 1705 est
2180 1677 2273 1704 car-

114 1730 226 1760 men:
257 1718 329 1758 Dic
358 1717 450 1757 mihi
477 1718 665 1758 Damoeta
697 1723 734 1757 et
762 1717 923 1767 reliqna.

245 1774 310 1813 Vs.
342 1771 407 1814 88.
466 1771 649 1817 Pedum,
685 1772 867 1812 baculum
896 1772 1158 1815 incurvatum,
1191 1784 1268 1823 quo
1300 1772 1419 1824 pedes
1451 1772 1582 1813 ovium
1609 1775 1930 1828 praepediuntur3
1961 1775 2116 1829 pedum,
2148 1788 2272 1816 accu—

114 1829 262 1870 sativus
300 1840 438 1878 casus,
480 1833 628 1868 tantum
667 1828 875 1868 invenitur.
914 1852 964 1857 —
1004 1826 1185 1871 Pedum,
1227 1828 1341 1867 aliam
1370 1828 1549 1878 laudem,
1583 1842 1699 1881 quam
1738 1832 1833 1870 nulli
1863 1832 1923 1871 alii
1956 1831 2136 1872 volebam
2168 1831 2274 1871 dare.

120 1884 263 1930 Quod,
303 1896 364 1922 me
404 1896 490 1921 cum
521 1896 643 1934 saepe
672 1887 854 1935 roffam&
886 1896 969 1921 non
999 1882 1099 1922 tulit
1130 1880 1358 1934 Anti-qenes
1399 1887 1439 1921 et
1470 1889 1559 1922 erut
1589 1890 1671 1923 tum
1702 1887 1857 1938 cli-quus
1888 1887 2028 1929 amari,
2059 1887 2083 1926 i.
2105 1899 2137 1926 c.
2169 1886 2274 1938 quod

114 1951 256 1980 munus
283 1952 381 1991 puer
410 1951 497 1978 cum
529 1944 635 1978 esset
665 1937 916 1988 Cornificius,
957 1939 1019 1979 vel
1047 1938 1242 1979 Antonius
1269 1939 1473 1990 speciosus
1504 1945 1542 1980 et
1569 1953 1658 1981 cum
1688 1943 2003 1994 concupisceret,
2036 1953 2114 1982 non
2142 1943 2272 1994 impe-

113 1996 250 2046 travit,
290 1994 468 2046 quamvis
499 1994 548 2033 ob
579 1999 745 2033 aetatem
777 1993 918 2046 dignus
949 1999 1068 2034 esset.

248 2050 312 2088 Vs.
341 2047 407 2090 89.
465 2045 710 2099 Antiqenes,
745 2049 902 2100 quidam
931 2055 1077 2101 pastor,
1110 2049 1318 2102 allegorice
1348 2049 1576 2091 Cornificius
1607 2053 1671 2092 vel
1699 2052 1905 2093 Antonius.

247 2104 314 2145 Vs.
343 2102 408 2146 90.
467 2103 645 2143 Paribus
675 2104 813 2157 nodis,
844 2105 925 2157 pari
950 2104 1152 2146 intervallo
1184 2105 1429 2157 distantibus,
1461 2111 1528 2146 aut
1556 2108 1796 2159 aequalibus.
1857 2121 2039 2149 munaus
2071 2108 2174 2147 dicit.

922 2250 1038 2336 'Aa
1070 2284 1293 2350 eclog.
1344 2285 1464 2337 VI.

248 2417 291 2458 In
320 2418 395 2459 hac
424 2418 562 2472 ecloga
590 2417 840 2458 historialiter
867 2416 1104 2466 notandum,
1136 2423 1315 2470 pastores
1345 2419 1394 2460 ad
1423 2431 1557 2460 senem
1588 2420 1782 2471 quendam
1810 2421 1834 2460 i.
1858 2432 1893 2461 e.
1923 2420 2096 2462 Silenum
2125 2422 2205 2463 isse
2235 2428 2273 2463 et

111 2485 203 2515 eum
240 2475 466 2514 sciscitasse
506 2474 685 2525 antiquas
725 2472 878 2514 fabulas
908 2473 1116 2525 variasque
1145 2475 1279 2513 mundi
1309 2476 1457 2524 series,
1501 2475 1606 2526 quod
1638 2476 1849 2529 allegorice
1879 2476 2090 2530 significat,
2123 2479 2271 2519 amicos

114 2529 176 2567 vel
213 2530 343 2570 socios
374 2529 577 2578 Pollionis,
619 2529 679 2568 vel
708 2528 797 2567 Vari
827 2529 1030 2581 Virgilium
1068 2529 1292 2581 postulasse
1330 2529 1521 2570 bucolica.
1589 2531 1744 2578 Quanto
1776 2533 1900 2585 magis
1923 2528 2048 2573 Pollio
2079 2537 2117 2572 et
2144 2534 2271 2573 Varus

113 2584 422 2636 postulaverunt,
452 2585 517 2635 qui
548 2585 660 2623 amici
687 2584 835 2637 Virgilii
865 2589 983 2625 erant.
1040 2584 1145 2624 Haec
1174 2584 1312 2634 ecloga
1339 2585 1378 2623 in
1409 2584 1597 2625 honorem
1618 2587 1706 2625 Vari
1737 2587 1878 2639 scripta
1909 2593 1947 2627 et
1976 2588 2168 2628 Pollionis.
2228 2588 2270 2628 ln

112 2638 188 2678 hac
227 2639 364 2692 ecloga
404 2639 512 2679 solus
554 2643 668 2691 poeta
704 2640 886 2690 loquitur.
917 2664 968 2670 -
1000 2639 1120 2679 Fauni
1159 2643 1197 2678 et
1228 2639 1345 2680 Sileni
1385 2645 1424 2680 et
1454 2640 1602 2693 Satyri,
1640 2641 1739 2681 haec
1774 2644 1953 2683 animalia
1991 2648 2083 2683 sunt
2123 2649 2160 2684 et
2189 2644 2271 2684 alas

112 2692 258 2734 habent
288 2698 326 2732 et
357 2696 462 2745 prius
493 2706 646 2734 vermes
668 2700 770 2744 sunt,
804 2696 869 2746 qui
898 2696 935 2734 in
964 2696 1080 2748 lignis
1110 2699 1338 2743 nascuntur,
1371 2700 1412 2735 ut
1441 2697 1558 2746 aiunt,
1592 2701 1630 2736 et
1650 2698 1897 2749 postmodum
1918 2699 2071 2752 petulca
2091 2700 2270 2739 animalia

113 2747 222 2789 fiunt.
245 2749 465 2789 Faunorum
480 2751 503 2790 i.
520 2763 553 2788 e.
572 2750 820 2801 antiquorum
838 2751 1079 2801 Sicanorum,
1098 2750 1159 2789 vel
1177 2761 1302 2801 genus
1313 2749 1444 2801 Fauni,
1462 2752 1580 2804 patris
1593 2752 1727 2802 Latini3
1745 2753 1812 2792 sed
1831 2766 1975 2807 genera
1988 2754 2219 2795 daemonum
2228 2754 2267 2804 *J

114 2815 137 2844 a
162 2804 393 2856 quibusdam
424 2805 646 2856 creduntur,
676 2806 740 2845 alii
769 2818 862 2846 vero
894 2807 965 2846 tria
996 2818 1141 2860 genera
1161 2809 1362 2859 pastorum
1391 2807 1431 2846 in
1450 2806 1559 2848 ltalia
1588 2807 1712 2849 fuisse
1742 2808 1873 2849 dicunt
1903 2810 2126 2862 antiquituS,
2148 2809 2268 2852 Fauni

247 2965 284 3007 ἕ)
318 2965 572 2998 Scribendumne
607 2971 674 2998 cst:
713 2967 825 3010 quo?
881 2969 932 3011 30)
967 2969 1070 3004 Cod:
1103 2982 1247 3004 arvam
1281 2972 1393 3006 baiis
1429 2974 1593 3008 dicitnr
1624 2978 1750 3009 ostia.
1808 2978 1858 3019 31)
1894 2978 2003 3022 virgil.
2038 2979 2121 3013 Aen.
2147 2981 2172 3022 I,
2188 2980 2267 3016 605.

115 3009 530 3067 32)Cod.:peeustlun=1.
579 3012 629 3053 33)
656 3011 758 3045 Cod.:
782 3014 984 3066 devoces.
1032 3017 1082 3059 34)
1109 3016 1240 3051 Codex:
1267 3020 1544 3062 prosaliens.
1586 3023 1637 3064 35)
1664 3022 1794 3056 Codex:
1820 3029 2011 3058 actenus.
2060 3027 2111 3069 36)
2137 3027 2266 3062 Codex:

115 3063 372 3090 numeravit.
429 3058 462 3098 ¹³)
490 3057 590 3091 Lod-z
618 3057 926 3094 demoniorum.
