2430 3177
1025 197 1289 214 Μ

209 262 275 304 Vs.
306 259 371 303 71.
429 256 642 315 Alternis,
677 272 748 314 per
784 256 899 302 vices*
922 257 1205 301 'adverbialiter
1233 258 1350 310 dixit,
1391 259 1431 300 id
1468 264 1529 301 est
1566 260 1752 315 agricola.
1791 284 1844 290 -—
1887 259 2068 307 Tonsas‚
2107 274 2226 316 agros

78 327 257 368 messos,
285 317 351 369 qui
381 317 542 358 alternis
571 321 724 357 vacant.
782 313 990 362 Novales,
1027 315 1116 367 quia
1146 315 1336 355 sementia
1365 321 1572 357 novantur.
1639 314 1827 356 Novalz'a
1853 317 1976 371 prima
2004 329 2097 360 rura
2124 330 2225 371 pro-

77 373 225 422 scissa3
256 372 328 413 has
358 373 522 414 novales
553 376 591 412 et
618 372 717 413 haec
736 372 789 419 22)
818 370 974 411 novalia
1005 369 1150 410 dicunt.
1181 392 1237 399 --
1826 405 1830 408 .

113 424 115 428 ’
212 428 279 468 Vs.
311 426 377 469 72.
438 427 636 479 Seynem,
675 426 868 475 sterilem,
913 425 979 476 qui
1008 424 1101 465 nihil
1131 425 1243 465 ferat.
1309 423 1542 464 Decrescere
1573 439 1781 477 campum,
1821 431 1866 467 ut
1892 427 2029 469 redeat
2055 427 2096 468 in
2124 428 2229 470 vires

77 481 245 536 priores.
275 505 328 511 —
365 481 540 535 Seynem
570 493 641 533 pro
671 485 892 521 cessantem
922 480 1025 520 dicit.
1084 478 1270 523 Patiere,
1300 481 1471 532 patieris.
1534 480 1645 525 Sita,
1675 483 1880 535 positione.

210 538 277 578 Vs.
308 535 374 578 73.
433 535 603 575 Mutato
632 536 782 584 sidere,
810 536 848 575 in
881 535 1066 588 principio
1093 536 1211 585 veriS,
1244 535 1403 575 alternis
1434 536 1545 576 annis
1576 537 1638 576 vel
1668 549 1784 577 anno.

211 593 278 633 Vs.
310 591 374 632 74.
434 589 625 635 Laetum,
666 590 815 640 fertile,
856 591 1014 643 pingue.
1082 589 1300 642 Leyumen.
1360 590 1575 644 Legumina
1615 591 1816 642 dicuntur,
1854 604 2112 646 quaecunque
2148 604 2228 635 non
2265 622 2268 624 .

77 646 179 688 falce
206 647 473 694 succiduntur,
506 645 576 686 sed
607 658 723 686 manu
751 646 947 699 leguntur.
980 668 1032 673 —-
1066 644 1235 698 siliqua
1265 651 1484 697 quassante
1511 646 1684 687 folliculo
1714 653 1881 688 sonante
1899 650 1970 696 ²³).

211 703 276 743 Vs,
309 700 374 742 75.
440 699 615 745 Tenuis,
647 701 745 742 vicia
776 701 878 740 enim
908 701 974 740 vix
1003 700 1052 740 ad
1081 701 1270 753 triplicem
1301 702 1475 753 pervenit
1502 701 1686 742 fructum.
1755 701 1919 746 Viciae,
1949 714 2075 756 gen-us
2104 704 2226 758 legu-

77 757 203 798 minis.
267 754 500 809 Tristisque
528 755 689 808 lupini,
726 752 816 809 quia
845 755 977 796 tristes
997 758 1057 805 ²⁴]
1085 755 1205 797 faciat
1233 760 1392 810 propter
1421 757 1739 810 amaritudinem,
1769 757 1949 799 incoctus
1979 760 2082 799 enim
2111 771 2227 801 ama-

79 822 148 854 rus
175 815 249 852 est.

208 867 275 907 Vs.
306 864 372 907 76.
433 866 673 919 Silvamque
701 870 926 915 sonantem,
956 865 1022 906 ubi
1052 866 1154 906 enim
1186 866 1275 907 faba
1306 867 1506 918 tolluntur,
1539 871 1682 908 sonant
1709 867 1820 908 silva.
1851 890 1908 897 ——

207 921 274 962 Vs.
305 919 370 962 77.
438 921 546 966 Urit,
578 922 796 975 excerpsit,
817 926 935 961 vexat
953 921 1088 971 linum,
1110 934 1254 962 avenas
1269 923 1317 974 *),
1334 935 1541 975 papavera.
1573 923 1679 963 Bene
1696 924 1893 976 excerpsit
1907 923 2041 974 linum,
2059 935 2219 975 avenas,

7 1022 12 1026 ,
71 988 266 1031 papavera
287 981 326 1017 et
346 976 439 1017 dicit
458 977 665 1030 posthaec
693 977 887 1017 frumenta
918 989 997 1016 non
1018 987 1108 1016 esse
1127 977 1318 1029 serenda,
1356 990 1449 1019 nam
1477 979 1569 1020 licet
1597 990 1715 1020 manu
1742 979 1925 1033 legantur
1954 984 1992 1019 et
2011 980 2089 1020 sint
2115 979 2219 1021 inter

76 1032 291 1086 legumina,
323 1032 471 1072 viribus
502 1037 634 1072 tamen
662 1032 866 1072 frumentis
897 1037 1128 1083 aequantur.

210 1087 277 1127 Vs.
309 1085 375 1128 78.
435 1085 620 1125 Lethaeo
649 1087 688 1126 id
719 1091 779 1126 est
807 1087 921 1138 plena
951 1087 1177 1137 oblivionis,
1208 1099 1299 1127 nam
1331 1086 1450 1128 Ceres
1480 1087 1574 1129 Iove
1601 1088 1835 1130 admonente
1864 1089 2005 1130 dicitur
2032 1089 2119 1131 cibo
2147 1102 2226 1143 pa-

77 1143 231 1195 paveris
262 1142 439 1183 orbitatis
470 1142 600 1193 oblita,
633 1147 671 1183 et
700 1153 839 1182 revera
867 1153 1038 1193 papaver
1066 1142 1191 1195 gignit
1219 1153 1415 1195 soporem,
1446 1155 1536 1184 nam
1566 1144 1615 1184 ad
1645 1143 1820 1184 dolorem
1851 1144 2159 1186 obliviscendum
2188 1146 2229 1186 in

77 1197 301 1249 potionibus
341 1196 467 1238 datur.
509 1219 565 1226 ——
603 1195 788 1248 Per-fusa
822 1209 1039 1247 papavera
1075 1209 1229 1236 somno.
1290 1198 1365 1246 Qui
1404 1209 1599 1251 papavera
1636 1199 1847 1251 manducat
1864 1200 1938 1251 ²⁵),
1978 1201 2056 1242 cito
2085 1211 2227 1242 somno

78 1252 319 1306 opprimitur,
351 1258 412 1293 est
440 1253 543 1292 enim
570 1264 742 1304 papaver
770 1251 1036 1293 somniferum.
1096 1255 1276 1292 IUNILIUS
1307 1253 1412 1293 dicit.

210 1307 280 1348 Vs.
311 1305 376 1348 79.
440 1307 529 1345 Sed
557 1311 692 1345 tamen
721 1310 759 1346 et
786 1307 948 1359 reliqua,
979 1306 1081 1348 redit
1110 1307 1160 1349 ad
1188 1312 1454 1362 praeceptum.

211 1362 278 1403 VS.
308 1360 375 1404 80.
434 1360 610 1414 Ρίηρῑιί,
640 1361 800 1402 humido
820 1362 891 1412 ²⁶).
929 1361 934 1363 ”

211 1417 278 1458 Vs.
307 1416 374 1459 81.
432 1416 596 1469 Effetos
627 1418 811 1457 continua
841 1417 1038 1459 fertilitate
1048 1430 1059 1466 3
1093 1417 1293 1472 cinerem,
1323 1419 1420 1460 cinis
1450 1418 1681 1460 stercoratio
1702 1420 1783 1470 ²⁷),
1814 1418 2051 1461 intermissio
2079 1420 2230 1472 arandi,

75 1471 252 1513 incensio
282 1472 528 1526 stipularum.
594 1474 749 1512 Gutus
786 1471 891 1513 dicit.
931 1494 987 1501 —
1025 1471 1290 1520 lamundum,
1328 1473 1554 1526 sordidum,
1595 1473 1646 1514 ad
1680 1473 1955 1515 discretionem
1985 1475 2112 1526 illius,
2150 1487 2229 1529 quo

76 1528 197 1570 utitur
251 1528 366 1569 uella.

80 1637 116 1679 d·
196 1540 279 1679 dies.
308 1581 375 1625 82.
435 1583 733 1677 {li'equiescnnzz
763 1582 854 1636 quia
880 1594 951 1636 per
978 1583 1309 1626 intermissionem
1339 1583 1523 1626 arationis
1551 1583 1801 1636 roborantur,
1831 1596 1949 1637 quam
1976 1597 2060 1627 rem
2088 1585 2231 1639 repetit

106 1650 192 1681 icen
223 1650 268 1679 0:
299 1651 376 1677 nec
405 1652 431 1677 u
470 1652 506 1677 a.

211 1694 278 1734 Vs.
309 1691 376 1735 83.
435 1692 645 1746 Inaratae,
675 1705 755 1733 non
784 1697 894 1734 satae
903 1707 914 1743 3
944 1693 1081 1734 haeret
1100 1693 1150 1734 ad
1171 1693 1279 1746 illud,
1312 1693 1419 1746 quod
1449 1693 1646 1736 dixeram:
1677 1698 1819 1733 tonsas
1853 1693 2027 1736 Caesare
2050 1695 2225 1735 novalis.

211 1749 279 1790 Vs.
306 1747 373 1790 84.
432 1747 667 1794 Incendere,
696 1749 790 1802 igni.
820 1772 875 1778 ——
903 1749 1083 1798 Exurere
1113 1762 1247 1802 agros,
1277 1761 1358 1790 non
1390 1760 1523 1804 agros,
1554 1749 1625 1790 sed
1655 1762 1756 1803 quae
1785 1750 1826 1790 in
1855 1752 1962 1805 agris
1993 1755 2097 1793 sunt.

212 1804 279 1845 VS.
311 1803 377 1844 85.
441 1802 770 1856 Crepitantz'bus,
801 1805 1047 1846 sonantibus.

119 1914 142 1956 d
211 1860 278 1901 Vs.
308 1857 375 1900 86.
433 1857 601 1898 Pabula
629 1864 783 1904 terrae,
814 1859 1022 1913 diligenter
1049 1859 1181 1913 plures
1211 1870 1353 1902 causas
1383 1860 1632 1913 exsequitur,
1663 1859 1805 1913 quibus
1835 1865 1943 1902 certe
1972 1861 2104 1915 aliqua
2129 1872 2227 1915 pro-

80 1915 116 1956 vi
145 1915 226 1956 isse
253 1915 473 1957 videantur.

214 1971 281 2011 Vs.
313 1968 380 2013 88.
438 1968 633 2019 Escudat,
663 1969 899 2022 exsiccatur,
931 1969 1164 2022 excoquitur
1173 1982 1186 2020 3
1215 1969 1280 2011 hic
1307 1969 1535 2024 hypallage,
1567 1969 1658 2011 dum
1687 1982 1766 2012 non
1797 1971 1940 2013 humor
1968 1970 2126 2023 exudat,
2157 1970 2228 2012 sed

82 2031 198 2068 terra.
255 2029 339 2065 Is1o
359 2027 410 2074 28)
441 2026 506 2065 ait.
1134 2071 1137 2073 ,

214 2082 282 2122 Vs.
312 2078 379 2121 89.
443 2079 579 2119 Caeca
606 2079 872 2132 spiramenta,
901 2080 1044 2122 breves
1074 2091 1276 2131 cavernas,
1308 2092 1378 2134 per
1407 2091 1505 2133 quas
1534 2079 1658 2121 sudor
1685 2087 1851 2123 emanat.

216 2137 283 2177 Vs·
314 2133 379 2177 90.
444 2134 712 2188 Spiramenta
750 2140 866 2177 vocat
903 2147 1035 2188 poros.
1101 2136 1189 2176 Pori
1227 2141 1319 2176 sunt
1357 2137 1615 2177 minutissima
1651 2135 1864 2188 foramina,
1904 2148 1975 2190 per
2013 2147 2113 2188 quae
2150 2135 2232 2176 exit

84 2191 210 2246 sudor
228 2205 250 2233 a
272 2192 517 2243 corporibus.
561 2191 669 2232 Cutis
700 2192 802 2231 enim
825 2191 996 2232 humana
1025 2196 1106 2232 tota
1125 2195 1185 2231 est
1212 2192 1326 2244 plena
1345 2190 1618 2242 foraminibus,
1650 2193 1826 2244 quamvis
1842 2203 1922 2233 non
1941 2190 2147 2233 videantur
2157 2193 2229 2240 ²⁹)-

119 2260 121 2262 ·
216 2248 285 2289 Vs.
317 2245 385 2288 92.
450 2245 618 2291 Tenues,
648 2246 775 2288 laetae
805 2251 844 2287 et
871 2246 1145 2301 penetrabiles.
1176 2271 1227 2277 —-«
1259 2245 1440 2299 Rapidi,
1467 2247 1628 2288 velocis,

216 2304 284 2344 Vs.
315 2299 382 2344 93.
442 2298 594 2341 Acrior
631 2313 702 2356 pro
734 2302 888 2343 duobus
927 2302 991 2343 vel
1027 2314 1098 2355 pro
1126 2314 1218 2343 uno.
1249 2323 1306 2332 —
1334 2300 1621 2346 Penetrabile,
1658 2314 1738 2343 non
1776 2301 1883 2354 quod
1920 2304 2120 2356 penetrat,
2158 2300 2231 2342 sed

85 2358 193 2413 quod
221 2358 338 2400 facile
366 2361 605 2410 penetratur.
663 2359 844 2398 inivimus
873 2357 978 2398 dicit.
1035 2356 1211 2402 Aduret,
1240 2358 1376 2409 siccet,
1406 2357 1455 2398 ad
1479 2358 1603 2399 solem
1632 2363 1670 2399 et
1698 2357 1748 2398 ad
1775 2357 1900 2412 frigus
1930 2357 2122 2411 pertinet;
2150 2367 2231 2398 uno

85 2426 269 2457 sermone
298 2413 376 2454 duo
407 2413 562 2454 diversa
592 2413 784 2454 conclusit
813 2413 1001 2455 clausula.
1028 2436 1083 2444 —

216 2470 284 2511 Vs.
316 2466 383 2510 94.
442 2467 623 2508 Multum
653 2468 759 2507 adeo
790 2473 828 2509 et
855 2469 1016 2522 reliqua.
1077 2467 1185 2509 Ordo
1212 2467 1277 2508 hic
1305 2471 1385 2508 est:
1421 2467 1584 2508 multum
1625 2467 1724 2510 adeo
1754 2467 1913 2510 adiuvat
1942 2479 2056 2519 arva,
2093 2466 2232 2508 rastris

87 2526 154 2578 qui
181 2525 329 2579 frangit
356 2530 424 2566 aut
451 2525 640 2565 vimineas
670 2523 788 2565 trahit
816 2529 958 2565 crates.
987 2546 1043 2554 —
1072 2523 1254 2568 Rastris,
1285 2522 1358 2564 hos
1385 2529 1550 2574 rastros,
1581 2523 1680 2565 haec
1708 2528 1848 2565 rastra.
1893 2522 2055 2568 Inertis,
2085 2523 2232 2577 pigraS‚

87 2591 167 2621 non
195 2580 355 2621 fertiles.
411 2579 521 2620 Iners
553 2580 654 2620 enim
684 2580 769 2621 sine
797 2585 894 2633 arte,
926 2579 991 2633 qui
1019 2579 1170 2621 nullum
1198 2579 1256 2620 rei
1286 2578 1469 2620 affectum
1498 2579 1633 2629 habet;
1670 2579 1763 2621 item
1791 2580 1933 2634 glebae
1959 2590 2067 2621 nunc
2093 2578 2232 2632 appel-

87 2635 215 2678 tantur
243 2636 390 2676 inertes
419 2635 696 2688 metaphorice.

219 2690 287 2732 Vs.
318 2688 383 2732 95.
451 2690 670 2744 Vimineas,
698 2691 825 2733 lentas
854 2695 972 2745 atque
991 2692 1049 2741 ⁸⁰)
1079 2690 1248 2745 graciles
1277 2691 1434 2745 virgas3
1464 2689 1609 2736 trahit,
1639 2690 1783 2732 avellit.

223 2866 273 2910 22)
301 2866 398 2902 Cod.:
422 2872 465 2900 ut
488 2872 533 2900 ut
554 2867 727 2902 novalia
753 2867 970 2902 dicuntur.
1024 2867 1075 2910 23)
1101 2866 1204 2902 Cod.:
1228 2866 1343 2902 folio
1368 2868 1617 2903 lasonante.
1672 2867 1724 2910 24)
1749 2866 1852 2902 Cod.:
1876 2866 2014 2900 triste.
2062 2863 2232 2907 *)(>ο(1.ε

87 2914 265 2948 liniave.
311 2914 363 2954 25)
390 2911 491 2946 Cod.:
516 2913 759 2947 manducit.
806 2914 858 2955 26)
883 2913 985 2948 Cod.:
1013 2914 1172 2948 umido.
1228 2915 1281 2956 21)
1308 2913 1409 2949 Cod.:
1436 2915 1724 2948 stercuratio.
1778 2914 1830 2955 28)
1846 2912 1915 2946 Hoc
1939 2913 2117 2955 scripturae
2143 2922 2235 2945 com-

87 2960 262 3004 pendium,
287 2959 376 3004 quod
397 2969 649 3004 nonnunquam,
674 2960 730 2993 ubi
756 2960 798 2994 dc
821 2960 934 3004 figuris
960 2960 1114 3005 loquendi
1138 2971 1244 2995 sermo
1268 2961 1407 2994 iniicitur
1437 2961 1498 3004 (cf.
1525 2971 1623 3006 supra
1647 2971 1695 2993 vs.
1713 2958 1798 3001 50.)‚
1823 2958 1955 2994 obvium
1981 2963 2042 3001 est,
2065 2959 2236 3000 incertum,

87 3016 184 3050 quem
208 3006 454 3051 grammaticum
484 3006 653 3050 significet.
703 3005 754 3040 Cf.
779 3006 821 3041 ad
846 3006 907 3040 ecl.
931 3006 969 3040 X.
996 3008 1062 3041 init.
1126 3008 1178 3049 29)
1203 3007 1334 3042 Vei-bat
1359 3009 1482 3042 cutis
1513 3026 1558 3032 —
1594 3006 1852 3047 videantur,
1891 3005 1933 3039 ab
1966 3004 2029 3039 alia
2065 3003 2124 3040 scd
2156 3005 2234 3041 satin

88 3052 218 3097 antiqua
242 3062 340 3087 manu
363 3052 397 3088 in
420 3051 537 3086 codice
566 3053 688 3097 scripta
711 3057 798 3088 sunt.
845 3052 897 3096 30)
921 3051 1025 3088 Cod.:
1050 3052 1199 3098 adque.

2031 3137 2043 3154 ‘n
