2430 3177
1208 107 1269 156 18

162 239 324 282 orientis
351 239 526 281 incolens
555 238 742 279 Libanum
771 242 971 290 montem,
1008 239 1162 294 sagittis
1192 241 1385 292 exercita,
1415 238 1480 282 vel
1509 236 1718 294 Ityraeos,
1748 238 1798 282 ab
1823 237 1951 292 Ityn,
1994 249 2096 294 quae
2131 242 2194 281 est
2222 250 2314 292 pars

163 295 353 345 Iudaeae,
383 294 558 346 Ityraeos
571 295 609 342 8)
641 304 756 334 arcus
787 293 902 334 dicits

299 350 364 389 Vs.
394 347 489 390 449.
547 347 639 387 Nec
667 361 772 395 non,
803 348 901 390 ordo
930 353 1004 401 est,
1037 361 1112 392 nec
1140 362 1221 393 non
1251 350 1421 392 formam
1453 350 1662 405 accipiunt.

295 404 362 444 Vs.
392 402 487 445 451.
553 402 811 456 Torrentem,
839 403 993 445 fortem.

294 459 361 499 Vs.
391 458 485 500 452.
546 458 680 498 Missa
717 458 859 498 Pado.
923 459 1049 501 Padus
1085 460 1229 502 fluvius
1266 461 1421 514 ltaliae,
1461 462 1632 516 speciem
1667 472 1740 515 pro
1777 471 1925 515 genere
1961 458 2104 513 posuit.
2172 457 2313 505 Pado,

161 515 263 556 bene
291 513 407 555 huius
438 514 607 555 fluminis
639 515 877 556 mentionem
895 515 1220 569 fecit‚,quoniam
1248 517 1454 570 professus
1485 522 1568 568 est,
1599 528 1646 558 se
1673 516 1808 559 Italiae
1837 527 1997 557 carmen
2025 515 2214 567 scribere,
2244 515 2311 556 di-

163 581 279 611 cens:
326 568 450 608 Salve
479 583 629 622 mayna
653 582 807 621 parens
832 570 1003 623 fruyum
1037 570 1238 611 Saturnia
1259 572 1404 617 tellus,
1433 584 1585 626 mayna
1604 573 1733 612 virum
1754 570 1836 612 tibi
1852 583 1918 610 res
1938 571 2138 624 antiquae
2157 569 2312 619 laudis.

293 624 358 665 Vs.
390 623 485 666 453.
542 623 717 664 Arboris
747 630 869 664 antro
881 628 942 676 ⁴),
974 627 1114 667 vitiose
1143 628 1332 680 putridae.

294 680 360 720 Vs.
390 678 487 720 454.
551 679 665 725 Quid
693 681 1016 726 memorandum,
1046 687 1090 722 ut
1119 684 1242 723 silvae
1271 683 1384 725 aliae.

294 735 361 775 Vs.
390 734 484 776 455.
543 733 700 780 Dedit,
740 736 943 788 praestitit.
976 759 1028 766 —-
1072 737 1144 778 Vel
1176 739 1359 789 furentis
1381 735 1646 790 ,Centum-os,
1682 737 1722 779 id
1752 742 1813 779 est
1839 736 2027 791 Lapithae
2055 740 2094 778 et
2131 735 2316 778 Centauri

161 792 200 832 in
217 790 392 832 furorem
414 791 612 831 ebrietate>
624 791 815 843 compulsi
834 795 948 841 sunt,
978 793 1040 833 vel
1061 792 1277 833 Centauros
1307 793 1348 833 in
1373 791 1551 834 furorem
1570 797 1681 835 actos
1701 805 1726 834 a
1743 792 1884 834 Libero
1904 792 1999 835 dicit
2016 804 2098 834 non
2116 791 2313 846 Lapithas.

294 846 360 885 Vs.
391 843 486 886 456.
549 843 799 889 Centauros,
831 847 937 886 nomi
950 850 1003 896 ⁵).
1061 846 1195 895 Leto,
1225 853 1364 889 morte.

293 901 361 941 Vs.
391 899 486 942 457.
550 898 741 946 Cratere,
771 900 940 954 figurate
966 904 1110 958 pocula
1140 903 1242 944 dicit.

294 956 362 996 Vs.
391 953 486 998 458.
551 954 589 994 O
615 957 859 1008 fortunatos
889 961 929 997 et
957 958 1120 1010 reliqua.
1179 958 1291 998 Nunc
1316 957 1502 1010 laudat⁶]
1532 958 1651 999 vitam
1679 957 1889 1009 rusticam,
1922 962 1962 999 et
1982 958 2166 1011 quoniam
2185 957 2317 1011 priora

160 1012 290 1065 posuit
318 1010 368 1052 ad
397 1011 720 1063 vituperationem
745 1012 846 1061 xini,
877 1011 978 1053 haec
1006 1014 1118 1065 quasi
1148 1013 1197 1054 ad
1235 1014 1547 1057 consolationem
1583 1015 1713 1068 ponit,
1745 1025 1816 1066 per
1835 1025 1937 1066 quae
1965 1014 2152 1066 ostendit,
2181 1025 2313 1066 quan-

161 1073 222 1111 tas
249 1066 470 1119 voluptates
483 1069 520 1115 ⁷)
551 1066 726 1117 [rusticis
755 1071 895 1107 natura
923 1069 1187 1120 praestiterit]

293 1122 360 1162 Vs.
389 1119 483 1163 459.
542 1119 705 1161 Procul
722 1122 762 1162 id
783 1127 843 1163 est
860 1122 980 1176 longe
998 1136 1021 1163 a
1042 1124 1260 1166 civitatibus
1271 1137 1286 1175 3
1314 1122 1582 1163 discordibus
1602 1124 1740 1177 armis,
1769 1123 1894 1176 plenis
1914 1122 2044 1177 iurgio
2065 1126 2133 1166 aut
2154 1121 2315 1177 rapinis.

293 1178 359 1218 Vs.
389 1175 484 1218 460.
544 1175 775 1216 Iustissima
795 1176 931 1216 tellus.
991 1179 1060 1230 [Si]
1081 1180 1229 1231 iustus,
1260 1181 1327 1232 qui
1348 1179 1454 1232 quod
1483 1179 1693 1233 acceperit,
1722 1178 1865 1230 reddit,
1893 1181 1998 1219 terra
2018 1179 2155 1232 utique
2171 1178 2314 1220 iustis-

162 1233 260 1275 sima
291 1236 373 1283 est,
403 1232 495 1284 quia
526 1234 674 1274 maiore
699 1233 838 1273 fenore
866 1234 1017 1276 semina
1049 1240 1209 1288 accepta
1235 1235 1418 1276 restituit.

294 1288 362 1328 Vs.
392 1285 486 1328 461.
549 1286 599 1327 Si
628 1302 733 1333 non,
772 1288 864 1340 quia
899 1300 1077 1338 nom—
1112 1291 1198 1331 Non
1228 1291 1356 1332 solum
1384 1290 1424 1331 in
1461 1289 1579 1330 laude
1613 1288 1749 1331 ltaliae
1776 1288 1896 1331 vitam
1935 1288 2126 1330 rusticam
2165 1285 2312 1339 iaudat,

165 1343 235 1385 sed
265 1344 381 1384 etiam
411 1342 599 1384 urbanam
629 1345 832 1396 vituperat.
2005 1380 2008 1381 ⁷

216 1453 229 1495 ι
260 1396 488 1494 1Ὑε.ι462.
553 1396 801 1443 Testudine,
841 1410 1007 1443 camara.
1031 1420 1088 1431 —--
1124 1399 1314 1440 Pulchra
1348 1400 1560 1441 testudine
1586 1403 1752 1452 postes,
1789 1397 1937 1442 indicat
1974 1404 2111 1454 postes
2149 1403 2314 1441 ornatos

166 1467 214 1496 ve
276 1459 364 1494 ectu
381 1465 439 1494 OS.
1266 1462 1273 1467 ‘

298 1509 364 1548 Vs.
395 1506 488 1549 464.
548 1505 757 1555 Inclusas,
786 1508 980 1560 inlaesas3
1011 1509 1276 1564 inclususque
1297 1524 1398 1550 auro
1429 1516 1578 1556 vestes.
1607 1523 1689 1552 non
1709 1521 1807 1552 usus
1836 1510 1926 1551 talis
1957 1515 2040 1562 est,
2072 1508 2145 1552 sed
2173 1521 2316 1552 aurum

166 1563 340 1659 vesgssus
369 1564 579 1606 intexatur.
597 1585 653 1592 —
691 1562 908 1617 Ephyreia
935 1565 974 1606 id
1012 1570 1073 1606 est
1103 1566 1324 1620 Corinthia,
1363 1567 1454 1620 quia
1482 1579 1506 1608 a
1546 1567 1699 1608 Graeco
1735 1572 1827 1608 ante
1856 1565 2067 1607 Corinthus
2096 1565 2263 1618 Ephyra
2275 1567 2314 1614 ⁸)

167 1632 240 1660 voc
294 1624 393 1660 atur.
1944 1634 1954 1642 ·

299 1674 368 1714 Vs.
396 1671 490 1714 465.
549 1671 743 1726 Assyrio,
779 1673 906 1726 Syrio,
937 1675 1088 1728 apud⁹)
1121 1687 1190 1715 eos
1219 1687 1317 1718 usus
1345 1687 1544 1729 purpurae
1578 1676 1760 1729 optimus.
1789 1697 1844 1706 —-
1882 1674 2059 1720 Veneno,
2091 1674 2246 1727 colore,
2274 1673 2317 1717 id

169 1735 229 1772 est
258 1728 564 1779 medicamento,
595 1729 743 1780 antiqui
771 1730 874 1770 enim
903 1736 1114 1772 venenatas
1143 1737 1273 1772 vestes
1303 1730 1485 1771 dicebant
1512 1731 1643 1784 aliquo
1671 1731 1807 1772 colore
1834 1731 1988 1771 tinctas.

301 1784 368 1824 Vs.
399 1781 493 1878 466¹.
518 1781 678 1878 bCasia
708 1783 830 1826 herba
858 1789 941 1837 est,
972 1785 1022 1827 de
1051 1797 1130 1838 qua
1158 1785 1200 1826 fit
1228 1791 1485 1840 unguentum.
1514 1808 1571 1815 —
1612 1785 1717 1826 Usus
1749 1785 1876 1831 olivi,
1903 1797 1994 1827 nam
2021 1785 2153 1828 oleum
2180 1796 2314 1840 gene-

168 1841 289 1882 ralem
318 1852 433 1880 usum
496 1853 516 1879 a
546 1844 597 1879 et.

302 1895 369 1935 Vs.
396 1892 491 1935 467.
549 1891 608 1932 At
627 1906 773 1933 secura
793 1895 930 1947 quies,
960 1894 1207 1948 hyperbaton
1233 1895 1362 1937 reddit
1387 1908 1434 1938 ac
1462 1907 1534 1950 per
1561 1894 1639 1937 hoc
1663 1895 1858 1937 luxuriam
1888 1899 2142 1946 exsecratur,
2178 1899 2222 1936 ut
2250 1897 2318 1936 lu·-

171 1962 312 1990 mmus
342 1950 444 1991 dicit.
466 1972 518 1979 --
547 1947 728 1994 Nescia,
758 1951 849 2001 quia
877 1951 1107 1992 innocentes
1137 1956 1251 2002 sunt,
1281 1952 1345 1992 vel
1373 1953 1464 2004 quia
1492 1951 1688 1992 inmobilis
1719 1955 1780 1991 est
1808 1956 1934 1993 status
1963 1953 2066 1993 vitae
2096 1962 2246 1992 eorum.

303 2006 369 2047 Vs,
398 2002 493 2046 468.
551 2003 670 2043 Latis
700 2004 763 2045 vel
790 2004 902 2046 laetis
912 2019 925 2056 3
952 2006 1124 2058 fundis,
1151 2006 1298 2048 fundus
1310 2010 1367 2058 ¹⁰)
1400 2007 1563 2058 dicitur,
1592 2006 1700 2061 quod
1728 2007 1780 2048 sit
1798 2007 1973 2049 omnium
2002 2018 2136 2048 rerum
2164 2004 2314 2047 funda-

172 2066 357 2103 mentum.
387 2083 442 2092 —-
477 2057 601 2104 Otia,
633 2061 755 2101 otium
783 2059 941 2101 habent.
2192 2098 2205 2102 χ

305 2117 372 2156 Vs.
403 2113 498 2156 469.
559 2114 796 2167 Speluncae
835 2121 874 2156 et
901 2117 1052 2169 reliqua
1081 2116 1121 2157 id
1148 2122 1213 2165 ,est
1241 2117 1345 2159 bona
1373 2116 1587 2169 naturalia,
1623 2128 1704 2157 non
1731 2116 1835 2157 sicut
1861 2117 1901 2157 in
1927 2117 2110 2167 urbibus3
2146 2115 2316 2169 friyida

177 2171 396 2224 Tempell)
426 2170 516 2211 fons
544 2172 606 2212 vel
633 2172 721 2211 loca
750 2182 916 2212 amoena
942 2172 982 2212 in
1011 2172 1225 2214 Thessalia.
1254 2194 1309 2203 --
1344 2170 1518 2224 Tempe,
1554 2172 1633 2213 hoe
1651 2171 1922 2225 accipiendum
1953 2177 2015 2214 est
2041 2184 2114 2224 pro
2143 2173 2315 2225 quibus-

170 2228 264 2323 llibet
291 2227 410 2278 lociS,
440 2227 598 2279 proprie
625 2231 757 2267 tamen
785 2226 930 2280 Tempe
958 2231 1050 2268 sunt
1076 2227 1165 2269 loca
1176 2230 1232 2278 ¹²)
1262 2239 1429 2271 amoena
1454 2228 1496 2270 in
1524 2227 1749 2278 Thessalia;
1779 2232 2013 2282 tempestate
2039 2227 2195 2269 turbata
2221 2237 2315 2269 esse

198 2283 365 2324 icuntur.

181 2349 184 2351 ’
304 2339 373 2379 Vs.
401 2335 496 2378 470.
554 2334 708 2376 Molles
734 2336 774 2378 id
803 2340 865 2377 est
892 2335 1028 2378 dulces
1056 2342 1098 2378 ut
1125 2337 1367 2377 mollissima
1394 2338 1492 2377 vina
1520 2341 1560 2379 et
1586 2349 1728 2377 somno
1757 2337 1928 2377 mollior
1954 2336 2089 2377 herba.

305 2394 372 2433 Vs.
402 2392 495 2434 471.
554 2391 652 2431 Illic
681 2392 811 2432 saltus
839 2391 878 2432 id
910 2396 970 2434 est
996 2393 1237 2434 venationes.
1270 2415 1327 2422 —
1358 2391 1423 2432 Ac
1453 2392 1586 2432 lustra
1611 2396 1817 2446 ferarum,
1847 2393 1947 2436 haec
1975 2393 2015 2434 in
2041 2391 2203 2434 urbibus
2231 2402 2312 2434 non

173 2452 264 2488 sunt
274 2460 286 2498 ;
313 2449 415 2489 bene
445 2447 552 2488 addit
578 2447 772 2499 ferarum,
803 2448 892 2500 quia
921 2449 961 2488 in
988 2448 1150 2490 urbibus
1180 2449 1303 2490 lustra
1331 2449 1580 2490 meretricum
1610 2452 1716 2489 sunt.

307 2503 372 2543 Vs.
403 2502 497 2544 472.
555 2501 754 2548 Patiens,
785 2514 865 2543 non
893 2507 936 2545 ut
965 2503 1135 2554 urbana,
1167 2516 1269 2555 quae
1298 2509 1359 2544 est
1388 2504 1522 2556 segnis
1535 2505 1605 2552 1⁸).

307 2558 372 2597 Vs.
403 2556 496 2598 473.
559 2556 691 2597 Sacra
709 2559 850 2604 deum,·
879 2558 942 2599 hic
962 2559 1136 2612 intellegi
1155 2559 1248 2610 vult,
1270 2558 1373 2613 apud
1392 2559 1501 2599 solos
1516 2559 1688 2600 rusticos
1702 2559 1885 2611 reliquias
1904 2557 2075 2599 iustitiae
2091 2567 2309 2599 remanere.

174 2668 192 2709 f
307 2613 374 2654 Vs.
403 2611 496 2652 474.
555 2611 723 2652 Iustitia
752 2613 956 2652 excedens
986 2619 1025 2654 et
1049 2614 1211 2667 reliqua.
1268 2617 1432 2654 Ans-rus
1451 2613 1567 2665 dicit,
1596 2615 1723 2668 primo
1741 2614 1782 2655 in
1798 2614 1958 2657 urbibus
1978 2617 2116 2666 postea
2143 2612 2183 2653 in
2202 2611 2309 2664 agris

192 2668 299 2710 uisse
324 2668 521 2709 iustitiam.

306 2725 372 2764 Vs.
401 2722 497 2764 475.
554 2721 700 2762 Musae
727 2723 767 2765 id
797 2728 858 2765 est
875 2728 1029 2766 matres
1057 2723 1338 2778 philosophiae.

307 2780 373 2820 Vs.
404 2776 498 2820 476.
560 2777 738 2822 Quarum
766 2792 885 2819 saera
911 2781 1028 2831 fera,
1058 2784 1175 2834 poeta
1202 2780 1314 2832 quasi
1343 2789 1545 2820 musarum
1573 2782 1633 2820 est
1664 2778 1867 2820 sacerdos.

308 2916 342 2956 ³)
367 2920 559 2958 tyraeos.
608 2913 643 2956 4)
669 2912 856 2947 Arboris
881 2919 1003 2948 antro
1027 2914 1158 2948 varians
1184 2923 1260 2950 esse
1283 2913 1410 2947 videtur
1433 2912 1531 2948 lectio
1557 2923 1618 2956 pro
1642 2911 1767 2948 llicis
1793 2913 1934 2948 alveo.
1980 2915 2014 2951 5)
2037 2910 2107 2946 Hoc
2129 2911 2308 2954 scripturae

178 2962 408 3004 compendium
442 2962 520 2995 alias
554 2971 614 3004 pro
646 2970 720 2994 voc.
764 2961 1065 2994 nominativus
1100 2962 1240 3004 ponitur.
1298 2960 1333 3002 6)
1367 2969 1451 2994 nun
1493 2959 1677 2993 claudit.
1731 2959 1766 3001 ⁴1)
1800 2958 2075 2994 noluntates.
2120 2956 2156 2991 In
2189 2967 2309 3002 paren·

178 3005 258 3040 thesi
275 3008 377 3050 posita
395 3009 426 3039 in
445 3007 661 3058 codssdesunt.
699 3005 735 3048 Β)
759 3005 929 3048 epheta.
961 3006 996 3049 9)
1021 3011 1138 3051 aput.
1170 3007 1220 3050 10)
1243 3006 1417 3042 fundas.
1445 3005 1496 3048 11)
1519 3004 1692 3050 frigida
1715 3005 2102 3048 amoenitatempe.
2139 3002 2189 3045 1²)
2205 3011 2309 3047 pro-

179 3064 410 3104 prietatem
433 3070 529 3108 pest
553 3064 659 3098 loca.
708 3063 758 3106 13)
783 3073 959 3108 segnes.
