2430 3177
222 211 418 252 volumina
449 222 548 262 quos
579 216 616 251 et
648 210 752 251 unde
786 221 924 249 versus
965 209 1206 250 transtulerit
1241 209 1491 250 continentia.
1507 211 1564 258 ³²)
1633 206 1843 249 Asconius?
1858 209 2048 264 Pedianus
2087 209 2206 258 libro,
2251 220 2368 260 quem

225 271 358 306 contra
379 266 661 306 obtrectatores
681 265 829 319 Virgilii
849 265 1016 316 scripsit,
1048 276 1173 316 pauca
1203 264 1414 306 admodum
1434 265 1594 304 obiecta·
1616 265 1649 303 ei
1671 265 1853 316 proponit
1881 277 2005 316 eaque
2035 264 2139 304 circa
2166 264 2371 304 historiam

190 331 199 333 “
223 321 319 370 fere,
351 326 389 360 et
417 320 522 372 quod
551 321 735 373 pleraque
761 320 809 361 ab
839 320 1008 360 Homero
1038 321 1284 373 sumpsisset,
1315 320 1384 359 sed
1414 320 1491 359 hoc
1518 320 1645 370 ipsum
1677 319 1824 358 crimen
1853 320 1910 358 sic
1928 319 2140 359 defendere
2168 322 2372 359 assuetum

225 377 298 416 ait:
331 374 410 415 Cur
436 387 515 414 non
543 376 597 414 illi
617 377 673 423 ³³)
707 387 864 426 quoque
889 375 1025 415 eadem
1056 375 1158 416 furta
1190 374 1453 428 temptarent?
1510 375 1652 413 Verum
1673 373 1953 422 intellecturos,
1983 374 2134 413 facilius
2155 385 2246 413 esse
2265 373 2371 413 Her-

225 430 300 470 culi
329 430 495 478 clavam‚
542 442 658 480 quam
689 430 858 470 Homero
888 432 1057 471 'versum
1087 430 1300 484 subripere.
1347 429 1396 469 Et
1424 434 1554 469 tamen
1584 429 1804 469 destinasse
1835 428 2043 479 decedere,
2083 433 2127 469 ut
2155 428 2285 468 omnia
2322 427 2372 468 ad

225 485 441 525 satietatem
472 484 751 525 malevolorum
783 485 992 524 decideret.

337 540 529 586 Quoniam
559 539 609 579 de
637 544 799 580 auctore
828 541 1049 580 summatim
1078 541 1261 590 diximus,
1293 540 1342 580 de
1368 541 1455 592 ipso
1487 540 1658 579 carmine
1686 539 1761 577 iam
1793 537 2000 579 dicendum
2030 543 2101 588 est,
2132 536 2238 590 quod
2266 536 2372 576 bisa-

224 595 322 634 riam
351 595 506 633 tractari
536 595 648 642 solet,
677 595 717 634 id
748 600 808 635 est
838 600 927 634 ante
957 608 1054 647 opus
1086 601 1124 636 et
1150 597 1190 635 in
1219 597 1305 648 ipso
1335 608 1465 647 opere.
1524 595 1625 634 Ante
1654 605 1775 645 opuS,
1813 594 1971 642 tituluS,
2017 605 2158 642 causa,
2187 592 2372 640 intenti03

225 649 380 697 titulus,
411 649 450 687 in
481 661 558 703 quo
588 650 807 700 quaeritur,
839 651 949 691 cuius
979 651 1050 700 sit,
1083 663 1221 701 causa,
1253 649 1359 690 unde
1388 655 1516 690 ortum
1547 651 1597 689 sit
1625 655 1663 689 et
1690 661 1813 701 quare
1843 648 1917 688 hoc
1948 649 2193 700 potissimum
2222 647 2296 686 sibi
2324 646 2375 687 ad

227 703 475 744 scribendum
505 709 619 756 poeta
651 706 978 757 praesumpserit,
1017 707 1202 754 intentio,
1240 706 1278 745 in
1309 718 1384 757 qua
1415 705 1686 758 cognoscitur,
1726 703 1830 755 quod
1861 703 2018 743 efficere
2048 707 2213 743 conetur
2244 706 2374 754 poeta.

212 757 270 797 ‘In
297 759 382 810 ipso
413 771 532 810 opere
561 770 656 798 sane
684 760 757 799 tria
783 765 1048 812 expectantur,
1079 772 1281 810 numeruS,
1313 760 1423 809 ordo,
1457 760 1689 812 explanatio.
1746 760 1931 806 Quamvis
1950 759 2071 811 igitur
2090 757 2209 797 multa
2227 753 2374 809 ψευδ-

227 811 499 867 επιγράφως,
536 813 575 853 id
607 819 667 853 est
698 814 796 854 falsa
827 816 1079 868 inscriptione
1109 816 1181 855 sub
1212 816 1338 855 alieno
1369 816 1526 855 nomine
1556 815 1633 853 sint
1661 814 1829 865 prolata,
1867 818 1910 852 ut
1939 813 2130 864 Thyestes
2169 810 2374 864 tragoedia

227 867 343 907 huius
375 873 535 919 poetae,
569 881 684 919 quam
707 869 846 909 Varius
869 872 924 916 ³⁸)
956 882 1029 910 suo
1061 872 1218 910 nomine
1247 870 1377 918 edidit,
1411 875 1450 909 et
1479 871 1551 909 alia
1584 868 1830 916 huiusmodi,
1862 874 1992 908 tamen
2021 867 2200 908 bucolica
2228 865 2374 917 liquido

226 922 375 975 Virgilii
406 934 494 962 esse
524 923 681 962 mininie
710 923 962 964 dubitandum
993 930 1064 974 est,
1094 928 1322 977 praesertim
1353 937 1441 965 cum
1472 926 1556 976 ipse
1579 928 1707 975 poeta,
1740 928 1923 973 tanquam
1943 922 2019 962 hoc
2038 927 2229 971 metuens,
2259 922 2375 974 prin-

228 978 370 1030 cipium
399 977 513 1017 huius
546 978 726 1017 carminis
758 983 796 1018 et
825 981 863 1018 in
894 980 968 1019 alio
999 981 1171 1019 carmine
1201 991 1316 1019 suum
1347 991 1437 1018 esse
1466 984 1632 1018 testatur
1660 979 1719 1017 sic
1748 977 1936 1017 dicendo:

764 1045 913 1080 Carmina
940 1036 1078 1090 qui'lusi
1103 1053 1268 1090 pastorum
1294 1046 1465 1090 audaxque
1488 1046 1628 1086 iuventa,

761 1091 877 1134 Tityre,
901 1097 933 1124 te
956 1091 1086 1134 patulae
1112 1094 1214 1125 cecini
1237 1093 1298 1124 sub
1322 1094 1465 1135 tegmine
1489 1091 1568 1133 fagi.
1954 1117 1961 1125 ,
2134 1110 2139 1111 ν
2323 1103 2340 1112 -

226 1147 409 1187 Bucolica
440 1151 569 1187 autem
601 1151 639 1186 et
668 1147 742 1187 dici
767 1152 804 1186 et
831 1153 939 1187 recte
968 1148 1055 1196 dici,
1084 1148 1146 1187 vel
1175 1148 1251 1188 hoc
1278 1148 1422 1187 iudicio
1452 1147 1643 1200 probasse
1671 1147 1894 1197 suffecerat,
1925 1148 2031 1199 quod
2061 1146 2376 1187 eodem·nomine

228 1202 332 1254 apud
352 1202 601 1241 Theocritum
621 1207 868 1251 censeantur,
886 1215 1022 1241 verum
1043 1204 1142 1241 ratio
1164 1214 1322 1253 quoque
1340 1202 1643 1241 demonstranda
1665 1207 1735 1241 est.
1775 1203 1863 1241 Tria
1884 1215 2029 1251 genera
2047 1207 2250 1255 pastorum
2269 1205 2373 1251 sunt,

229 1269 329 1308 quae
359 1257 586 1309 dignitatem
615 1257 654 1295 in
683 1256 871 1296 bucolicis
901 1256 1062 1303 habent,
1094 1261 1261 1308 quorum
1293 1257 1437 1295 minimi
1456 1257 1512 1303 ³⁵)
1545 1260 1657 1304 sunt,
1690 1257 1755 1307 qui
1779 1254 1961 1295 αἰπόλοι
1990 1257 2172 1297 dicuntur
2199 1268 2223 1296 a
2243 1256 2373 1296 Grae-

229 1314 298 1361 ciS,
331 1324 351 1350 a
380 1311 492 1350 nobis
524 1311 708 1362 caprarii3
740 1312 856 1363 paulo
885 1311 1157 1351 honoratiores
1180 1310 1275 1362 [qui]
1295 1308 1531 1364 μηλονόμοι
1551 1311 1771 1362 ποιμένες,
1799 1311 1838 1351 id
1858 1317 1918 1351 est
1947 1311 2149 1363 opiliones,
2171 1311 2374 1359 dicuntur;

226 1366 515 1406 honoratissimi
546 1371 584 1405 et
612 1367 768 1405 maximi
797 1363 1020 1418 βουκόλοι,
1048 1378 1147 1418 quos
1168 1367 1359 1407 bubulcos
1380 1366 1556 1406 dicimus.
1615 1366 1725 1405 Unde
1752 1367 1870 1420 igitur
1899 1367 2024 1420 magis
2045 1365 2175 1407 decuit
2190 1366 2375 1418 pastorali

229 1423 390 1461 carmini
419 1433 563 1460 nomen
591 1421 758 1472 imponi,
791 1423 866 1460 nisi
896 1422 943 1461 ab
975 1434 1022 1461 eo
1052 1421 1286 1474 gradu„qui
1314 1421 1399 1460 fere
1428 1421 1530 1473 apud
1562 1426 1740 1472 pastores
1772 1422 2122 1462 excellentissimus
2144 1420 2375 1462 invenitur?

230 1476 358 1518 Causa
389 1476 594 1528 dupliciter
619 1477 758 1527 inspici
786 1477 900 1526 solet,
931 1477 978 1516 ab
1008 1477 1161 1530 origine
1192 1477 1372 1516 carminis
1403 1481 1441 1516 et
1470 1489 1493 1515 a
1511 1476 1711 1516 voluntate
1740 1477 1957 1517 scribentis.
2015 1476 2215 1529 Originem
2243 1478 2375 1516 autem

229 1532 395 1572 bucolici
426 1532 606 1570 carminis
636 1531 699 1570 alii
727 1532 776 1571 ob
807 1532 920 1571 aliam
952 1544 1110 1572 causam
1139 1531 1281 1570 ferunt.
1341 1531 1439 1571 Sunt
1459 1532 1560 1571 enim
1581 1533 1709 1581 etiarn,
1741 1533 1807 1583 qui
1837 1544 1860 1570 a
1886 1531 2374 1584 Lacedaemoniis'pasto-

229 1588 337 1626 ribus
366 1585 512 1625 Dianae
538 1586 705 1636 primum
735 1599 894 1626 carmen
927 1586 1004 1625 hoc
1039 1585 1234 1626 redditum
1273 1586 1420 1636 dicant,
1462 1598 1550 1625 cum
1579 1586 1704 1626 eidem
1734 1587 1831 1627 deae
1867 1599 1938 1639 per
1963 1587 2126 1635 bellum,
2169 1585 2277 1637 quod
2304 1586 2376 1625 t'oti

232 1642 418 1683 Graeciae
447 1639 511 1680 illo
542 1645 716 1691 tempore
743 1640 884 1681 Persae
911 1640 1149 1689 inferebant,
1190 1640 1365 1680 exhiberi
1395 1653 1463 1692 per
1493 1641 1664 1692 virgines
1695 1640 1744 1680 de
1772 1653 1882 1680 more
1912 1653 1988 1681 non
2018 1646 2165 1694 posset.
2218 1639 2298 1681 Alii
2322 1640 2373 1680 ab

230 1697 372 1738 Oreste
400 1696 503 1735 circa
534 1695 703 1735 Siciliam
733 1707 835 1749 vago
864 1695 902 1734 id
934 1707 1059 1749 genus
1100 1696 1282 1747 carminis
1311 1694 1459 1734 Dianae
1498 1695 1691 1735 redditum
1733 1695 1965 1747 loquuntur,
2003 1701 2041 1735 et
2074 1695 2270 1736 redditum
2289 1701 2375 1748 'per

227 1755 356 1805 ipsum
385 1755 423 1790 et
449 1755 646 1802 pastoreS‚
675 1762 752 1801 quo
782 1755 958 1802 tempore
988 1750 1037 1790 de
1066 1751 1223 1802 Scythia
1240 1749 1404 1789 Taurica
1435 1762 1524 1789 cum
1551 1762 1690 1790 sorore
1719 1751 1959 1803 profugerat,
1988 1751 2174 1804 subrepto
2204 1750 2373 1790 numinis

229 1808 437 1848 simulacro
469 1810 507 1844 et
536 1805 661 1844 celato
690 1807 729 1844 in
757 1805 865 1846 fasce
895 1806 1103 1859 lignorum,
1135 1805 1239 1844 unde
1266 1805 1504 1846 Fascelinam
1536 1805 1698 1845 Dianam
1726 1805 1930 1857 perhibent
1957 1811 2240 1858 nuncupatam,
2271 1804 2375 1857 apud

230 1866 339 1904 cuius
369 1873 457 1901 aras
489 1860 649 1899 Orestes
676 1872 746 1913 per
775 1861 1019 1900 sacerdotem
1051 1860 1225 1900 eiusdem
1252 1861 1421 1899 numinis
1451 1859 1709 1914 Iphigeniam,
1741 1872 1918 1900 sororem
1949 1872 2084 1909 suam,
2116 1873 2137 1899 a
2167 1859 2373 1912 parricidio

229 1919 357 1958 fuerat
395 1916 594 1968 expiatus3
635 1916 698 1956 alii
735 1916 903 1968 Apollini
937 1917 1097 1970 νομίῳ,
1143 1916 1328 1967 pastorali
1363 1915 1513 1954 scilicet
1551 1916 1644 1964 deo,
1689 1928 1764 1967 qua
1803 1919 2034 1968 tempestate
2069 1915 2238 1955 Admeto
2275 1925 2372 1954 oves

229 1977 415 2028 paverat3
436 1973 492 2018 3θ)
524 1971 586 2009 alii
615 1970 766 2020 Libero,
799 1971 1071 2024 Nympharum
1095 1973 1133 2010 et
1162 1970 1391 2021 Satyrorum
1421 1974 1459 2015 et
1485 1969 1524 2009 id
1552 1982 1679 2024 genus
1709 1970 1911 2023 numinum
1942 1971 2122 2022 principi,
2143 1972 2198 2018 37)
2231 1969 2372 2021 quibus

229 2029 356 2082 placet
383 2027 573 2066 rusticum
603 2038 759 2066 carmen
770 2039 781 2075 3
822 2026 883 2065 alii
912 2026 1125 2075 Mercurio,
1163 2025 1376 2078 Daphnidis
1406 2026 1522 2076 patri,
1554 2030 1754 2078 pastorum
1788 2027 1960 2066 omnium
1988 2026 2172 2078 principis
2202 2029 2241 2064 et
2270 2023 2373 2076 apud

230 2084 480 2124 Theocritum
510 2085 548 2120 et
577 2081 679 2133 apud
709 2081 813 2120 hunc
839 2083 967 2134 ipsum
995 2085 1151 2132 poetam
1162 2093 1173 2130 3
1213 2080 1276 2120 alii
1317 2081 1356 2119 in
1396 2080 1585 2120 honorem
1613 2080 1737 2120 Panos
1776 2081 1894 2120 scribi
1930 2085 2088 2132 putant,
2116 2079 2373 2134 'peculiariter

230 2137 436 2194 pastoralis
468 2136 543 2186 dei,
575 2140 614 2175 et
640 2137 733 2175 item
754 2136 885 2186 Sileni,
917 2136 1060 2176 Silvani
1089 2142 1206 2187 atque
1225 2135 1458 2176 Faunorum.
1498 2136 1608 2183 Quae
1632 2147 1720 2175 cum
1735 2137 1792 2184 ³⁸)
1815 2136 1944 2175 omnia
1963 2136 2153 2185 dicantur,
2185 2133 2280 2174 illud
2299 2133 2372 2173 erit

231 2193 597 2248 probabilissimum,
628 2191 849 2231 bucolicum
881 2203 1037 2231 carmen
1068 2191 1257 2244 originem
1289 2190 1434 2230 ducere
1463 2202 1485 2229 a
1513 2190 1650 2242 priscis
1680 2191 1934 2242 temporibus,
1963 2191 2103 2243 quibus
2121 2191 2200 2229 vita
2229 2192 2371 2241 pasto-

232 2251 320 2290 ralis
353 2248 564 2288 exercitata
594 2247 729 2298 [erat],
771 2251 809 2285 et
838 2246 927 2286 idco
955 2246 1061 2286 velut
1089 2247 1197 2285 aurei
1226 2246 1371 2286 saeculi
1401 2245 1572 2297 speciem
1601 2246 1639 2284 in
1668 2244 1892 2286 huiusmodi
1929 2257 2186 2299 personarum
2216 2243 2371 2296 simpli-

232 2306 345 2345 citate
375 2302 574 2356 cognosci,
607 2305 645 2340 et
673 2302 810 2342 merito
839 2301 1054 2355 Virgilium,
1076 2312 1362 2353 vprocessurum
1392 2299 1441 2339 ad
1471 2300 1545 2338 alia
1566 2301 1749 2351 carmina,
1782 2313 1859 2341 non
1890 2300 2046 2341 aliunde
2074 2296 2267 2352 coepisse,
2295 2298 2371 2351 nisi

233 2360 281 2399 ab
312 2371 356 2397 ea
386 2359 474 2405 vita,
506 2368 608 2408 quae
635 2358 758 2409 prima
788 2358 827 2395 in
856 2357 968 2396 terris
998 2355 1070 2395 fuit
1081 2369 1091 2405 3
1132 2368 1222 2395 nam
1247 2357 1388 2408 'postea
1419 2367 1508 2395 rura
1539 2355 1641 2394 culta
1672 2360 1710 2395 et
1740 2355 1789 2396 ad
1819 2360 2060 2407 postremum
2090 2367 2160 2406 pro
2191 2354 2304 2395 cultis
2333 2357 2372 2392 et

231 2413 424 2455 feracibus
455 2414 565 2450 terris
595 2412 696 2453 bella
723 2417 918 2464 suscepta.
977 2411 1091 2459 Quod
1110 2410 1268 2451 videtur
1283 2408 1469 2464 Virgilius
1496 2410 1640 2461 inipso
1662 2410 1797 2450 ordine
1815 2422 1977 2462 operum
2007 2421 2169 2460 suorum
2197 2408 2372 2455 voluisse

232 2467 465 2516 monstrare,
497 2478 584 2505 cum
613 2472 790 2519 pastores
820 2468 957 2519 primo,
990 2465 1129 2505 deinde
1159 2465 1351 2517 agricolas
1383 2465 1485 2505 canit
1513 2470 1551 2504 ct
1580 2465 1628 2505 ad
1659 2465 1835 2517 ultimum
1865 2465 2085 2504 bellatores.
2129 2463 2283 2521 Restat,
2313 2463 2369 2509 tit,

234 2535 335 2577 quae
357 2533 483 2563 'causa
502 2520 739 2561 voluntatem
759 2523 928 2563 attulerit
953 2525 1094 2574 poetae
1113 2521 1291 2563 bucolica
1310 2520 1553 2573 potissimum
1570 2519 1854 2574 conscribendi,
1875 2519 2125 2561 considerare
2143 2519 2368 2574 debeamus,

234 2580 311 2619 Aut
331 2579 430 2618 enim
452 2575 655 2616 dulcedine
675 2578 853 2617 carminis
873 2577 1068 2617 Theocriti
1095 2575 1144 2616 ad
1171 2575 1423 2616 imitationem
1453 2575 1536 2615 eius
1565 2575 1716 2614 illectus
1747 2580 1819 2625 est,
1851 2581 1917 2615 aut
1945 2573 2120 2614 ordinem
2150 2579 2370 2626 temporum

235 2639 393 2674 secutus
421 2629 484 2672 est
512 2632 613 2672 circa
642 2631 757 2671 vitam
787 2632 1008 2682 humanam,
1041 2631 1146 2683 quod
1175 2642 1293 2684 supra
1322 2629 1501 2678 diximus,
1533 2635 1599 2669 aut
1629 2642 1717 2669 cum
1745 2634 1826 2669 tres
1857 2629 1960 2669 modi
1990 2630 2067 2670 sint
2089 2630 2366 2678 elocutionum,

235 2701 334 2741 quos
364 2686 639 2740 χαρακτῆρας
676 2686 813 2725 Graeci
850 2691 1012 2736 vocant,
1055 2683 1215 2738 ἰσχνός,
1250 2685 1314 2737 qui
1351 2686 1501 2735 tenuis,
1536 2685 1686 2737 μέσος,
1725 2685 1788 2736 qui
1824 2684 2071 2735 moderatus,
2112 2681 2266 2736 ἁδρός,
2302 2682 2368 2734 qui

234 2744 384 2784 validus
405 2743 652 2795 intellegitur,
684 2741 867 2781 credibile
896 2742 978 2790 erit,
1008 2742 1224 2795 Virgilium,
1253 2740 1318 2792 qui
1348 2741 1450 2780 omni
1472 2752 1617 2794 genere
1636 2740 1889 2793 praevaleret,
1919 2739 2097 2781 bucolica
2127 2739 2175 2779 ad
2203 2739 2367 2791 primum

234 2799 403 2850 modum,
437 2798 628 2851 georgica
650 2795 699 2836 ad
728 2795 956 2846 secundum,
985 2794 1157 2837 Aeneida
1175 2798 1232 2843 ³⁹)
1262 2795 1315 2835 ad·
1342 2796 1496 2835 tertium
1525 2795 1697 2835 voluisse
1726 2794 1917 2846 conferre,
1949 2799 1986 2834 et
2013 2806 2102 2836 non·
2121 2793 2211 2834 ideo
2228 2794 2367 2846 =potius

364 2942 419 2983 32)
450 2941 580 2974 Codex:
606 2941 847 2974 continent.
895 2939 944 2981 33)
971 2938 1100 2972 Codex:
1124 2938 1344 2973 nonnulli.
1392 2939 1443 2981 34)
1470 2937 1597 2972 Codex:
1621 2938 1767 2971 Varus.
1814 2939 1866 2981 35)
1891 2938 2019 2973 Codex:
2042 2907 2227 2983 minime:
2253 2938 2305 2979 36)
2330 2937 2366 2971 ln

232 2988 654 3066 Rogifizhdla'ssiavemt‘
722 2986 775 3027 31)
816 2985 926 3019 Codex
967 2984 1084 3018 habet:
1126 2986 1369 3029 principia·
1422 2985 1473 3026 38)
1516 2983 1644 3018 Codex:
1684 2995 1976 3030 quaecunque
2014 2995 2118 3018 oma.
2174 2985 2232 3027 ἔ39)
2260 2983 2365 3019 Cod.:
