2430 3177
1107 129 1172 176 35

1012 197 1276 214 Μ

670 222 691 240 *D

208 259 274 300 Vs.
303 256 398 300 375.
457 257 625 312 Aer-iae,
653 257 855 300 Lucretius
886 257 940 300 ait
968 257 1099 300 aeriae
1126 257 1292 310 primum
1322 259 1518 312 volucres,
1551 259 1657 313 quod
1687 261 1764 302 alte
1791 261 1937 304 volent.
1964 284 2022 293 —
2050 263 2212 317 Fuyere

68 318 228 368 propter
256 314 394 355 hiemis
424 315 593 359 signum.
853 345 857 348 ⁴

203 369 269 409 Vs.
300 367 394 410 376.
452 368 636 412 Patalis,
668 368 823 420 patulis,
854 368 1023 422 apertis3
1056 369 1262 419 captavit,
1292 370 1476 422 suscepit.

94 478 103 487 -
202 423 269 464 Vs.
301 422 395 465 377.
453 422 639 476 Aryttta,
675 422 867 476 stridula⁷
898 434 1131 476 personans.
1160 445 1215 453 —
1244 421 1381 462 Lacus
1420 425 1771 465 circumvolitavit
1807 426 2012 476 hirundo,
2049 427 2211 469 aestatis

71 489 104 518 si
135 489 240 519 num.

107 491 134 532 g
199 534 265 574 Vs.
296 531 390 575 378.
458 533 650 578 Veterem,
681 532 856 582 solitam;
888 537 929 571 et
961 537 1131 571 veterem
1162 533 1206 571 in
1236 532 1334 572 limo
1362 547 1504 586 ranae,
1530 534 1732 575 Modestus
1763 537 1815 576 ait
1845 536 1985 589 Lycios
2015 542 2210 590 pastores,

65 588 132 640 qui
160 588 332 630 Latonae
361 588 506 628 sitienti
527 591 582 636 ⁵⁹)
615 600 756 640 aquam
787 588 1052 641 denegassent
1080 589 1118 627 in
1149 600 1267 628 ranas
1298 601 1536 639 conversos,
1576 595 1614 630 et
1643 590 1806 630 Ovidius
1836 592 1909 641 ait,
1944 592 2063 632 Ceres
2093 605 2212 644 quum

65 642 337 695 Proserpinam
366 648 574 694 quaereret
596 642 645 684 ad
672 642 819 682 fontem
849 644 1027 692 venisse,
1068 647 1105 682 et
1132 644 1296 694 reliqua.
1327 666 1380 673 —-
1421 645 1495 684 Alii
1524 644 1656 686 dicunt
1692 657 1809 686 ranas
1836 658 1907 698 per
1936 647 2212 688 abundantiam

66 710 194 750 aquae
213 700 272 746 ⁶⁰)
314 702 423 737 extra
452 697 616 750 paludes
657 698 746 750 pelli
785 702 824 737 et
851 698 1098 751 serpentibus
1139 699 1248 738 cibos
1288 710 1378 738 esse
1413 704 1480 739 aut
1521 699 1693 751 alioquin
1723 701 1893 740 interire.
1953 703 2212 742 GAunmv‘rms
2266 736 2274 745 ,

67 752 171 793 dicit.
219 752 359 798 ,Ranas
389 764 557 803 namque
596 753 729 793 dicunt
767 753 815 793 ad
854 753 1095 805 tempestatis
1133 752 1341 794 adventum
1382 755 1580 805 querelam
1599 758 1651 804 ⁶¹)
1689 757 1883 807 excipere.
1955 757 2122 804 Querela
2153 762 2214 798 est

67 819 146 847 vox
175 812 294 858 muta,
327 812 368 846 ut
397 819 513 848 omne
542 808 712 859 querelis
732 811 784 857 ⁶¹)
814 808 951 859 inpleri
980 819 1118 847 nemus
1175 811 1358 847 lemnius
1388 809 1491 848 dicit.

199 863 265 902 Vs.
296 860 389 903 379.
449 861 625 901 Extulit
656 876 744 901 ova.
804 863 875 903 Ubi
904 862 1069 915 frigidus
1101 867 1162 902 est
1189 867 1270 914 aer,
1303 868 1405 903 terra
1435 864 1650 916 spissescit,
1684 869 1722 904 et
1751 865 1783 904 si
1813 878 1887 917 qua
1918 865 2038 906 habet
2068 866 2210 907 caloris

64 917 227 966 semina,
259 918 494 957 intrinsecus
525 919 642 971 cogit,
676 931 727 959 ex
756 930 834 970 quo
865 918 1017 967 accidit,
1049 922 1091 956 ut
1111 917 1240 957 hieme
1269 931 1369 970 aqua
1391 924 1559 970 puteana
1591 919 1751 960 calidior
1780 921 1842 969 sit,
1874 932 1970 974 ergo
2000 921 2211 961 inminente

63 972 192 1025 pluvia
220 972 398 1025 frigidior
428 978 520 1013 aere
557 973 698 1014 liumus
738 973 900 1013 inferior
938 977 1167 1025 vaporatur,
1209 985 1286 1024 qua
1321 979 1481 1026 propter
1520 976 1659 1014 mirum
1697 987 1778 1015 non
1816 980 1896 1024 est,
1936 976 1967 1014 si
2006 975 2208 1026 formicae,

65 1039 167 1079 quae
196 1028 268 1067 sub
301 1033 402 1067 terra
434 1029 581 1078 vivunt,
613 1041 664 1067 ex
691 1028 895 1081 repentino
925 1028 1057 1067 calore
1085 1027 1252 1080 pluviam
1273 1031 1329 1077 ⁶²)
1359 1030 1671 1082 praesentientes
1702 1042 1776 1070 ova
1806 1029 2017 1083 proferant.
2039 1054 2089 1061 —
2111 1029 2210 1069 Ex-

65 1081 178 1126 tulit,
210 1094 366 1123 sursum
385 1084 444 1133 ⁸³)
475 1083 570 1122 tulit.

196 1137 262 1177 νε.
292 1135 385 1178 380.
445 1136 506 1175 Et
537 1135 654 1180 bibit,
685 1136 852 1190 vulgare
876 1137 1126 1191 proverbium
1154 1137 1223 1177 esl.
1289 1136 1410 1176 Bibit
1440 1139 1587 1190 inqens
1616 1139 1639 1178 i.
1672 1151 1705 1179 e.
1737 1139 1892 1193 duplex.

196 1193 262 1232 Vs.
293 1191 386 1233 381.
445 1191 590 1231 Arcus.
649 1192 719 1231 Iris
750 1195 851 1233 enim
883 1205 932 1232 ex
959 1192 1120 1233 Oceano
1148 1192 1255 1241 bibit,
1285 1193 1310 1232 i.
1343 1205 1375 1233 e.
1406 1193 1559 1247 pluvias
1588 1195 1741 1247 repetit.
1762 1218 1812 1223 —
1839 1193 2014 1246 Agmine
2043 1207 2206 1247 mayno,

61 1247 289 1288 translative
320 1247 617 1296 multitudinem,
648 1247 697 1286 de
726 1259 935 1287 corvorum
966 1247 1210 1288 multitudine
1238 1247 1347 1288 dixit.

198 1303 263 1341 Vs.
291 1299 384 1342 382.
444 1300 568 1350 Asia,
600 1302 733 1354 palus;
774 1303 949 1346 circum,
981 1302 1206 1342 adverbium
1227 1306 1298 1351 ⁶⁴).
1336 1325 1390 1330 —
1428 1301 1533 1341 Asia
1564 1307 1707 1354 prata„
1731 1307 1923 1344 vocantur
1961 1304 2064 1343 circa
2095 1303 2205 1356 Cay-

62 1363 187 1399 strum
217 1357 392 1407 fluvium,
423 1358 487 1409 qui
518 1361 577 1396 est
605 1358 643 1395 in
673 1356 806 1409 Lydia.
864 1357 1045 1397 luximus
1065 1357 1168 1398 dicit.

195 1413 261 1453 Vs.
294 1409 389 1453 383.
450 1411 557 1452 Ordo
588 1417 668 1451 est:
709 1412 855 1452 circum
886 1413 979 1452 Asia
1018 1417 1127 1465 prata
1168 1411 1294 1452 dulcia
1335 1412 1373 1451 in
1412 1413 1561 1466 stagnis
1594 1412 1744 1466 Caystri
1783 1413 1997 1458 rimantur,
2035 1413 2206 1453 iucunda

64 1467 320 1508 translatione
350 1478 445 1506 usus
477 1472 558 1516 est3
587 1467 744 1518 proprie
772 1469 903 1508 rimari
933 1479 1025 1507 sues
1056 1467 1251 1507 dicuntur.
1308 1470 1489 1506 inivimus
1521 1467 1624 1508 dicit.
1656 1491 1706 1496 —
1734 1467 1968 1512 Rimmtur,
1999 1473 2206 1520 quaerunt,

63 1523 126 1564 vel
156 1522 270 1562 altius
301 1528 526 1574 pascuntur,
558 1527 601 1561 ut
630 1522 741 1562 alibi:
771 1523 1052 1574 rimantur-que
1082 1521 1230 1572 epulis,
1293 1520 1472 1575 Caystri,
1503 1522 1615 1562 deest
1642 1522 1788 1563 videas.
1851 1521 2031 1575 Caystri,
2061 1522 2180 1563 fluvii.

194 1578 261 1617 Vs.
292 1576 385 1618 385.
448 1575 645 1616 Certatim
674 1576 815 1629 lar-yos
844 1576 1017 1615 humeris
1048 1577 1268 1627 infundere
1296 1590 1422 1622 rores,
1453 1577 1564 1619 deest
1583 1578 1731 1628 videaS,
1762 1577 1826 1618 hic
1846 1579 2116 1631 praesagantis
2146 1581 2208 1618 est
2267 1602 2269 1605 -
2327 1597 2330 1599 ·

60 1644 140 1674 non
169 1633 219 1673 im
251 1634 406 1672 erantis.

193 1646 258 1727 νε.
288 1685 382 1728 386.
439 1686 563 1726 Nunc
593 1691 721 1738 caput
739 1690 797 1736 ⁶⁵)
829 1692 867 1727 et
894 1688 1058 1740 reliqua.
1117 1687 1225 1729 Sicut
1253 1687 1432 1728 homines
1460 1687 1647 1728 laetitiam
1677 1698 1790 1727 suam
1818 1686 1948 1727 verbis
1978 1686 2202 1739 ostendunt,

60 1742 114 1783 ita
143 1755 238 1783 aves
270 1744 445 1794 corporis
475 1744 774 1797 gesticulatione
804 1743 1038 1796 exprimunt.

194 1799 257 1838 Vs.
288 1796 381 1839 387.
440 1797 661 1846 Incassmn,
690 1797 835 1838 frustra
865 1799 966 1838 enim
996 1798 1136 1838 humor
1163 1809 1379 1850 pennarum
1409 1797 1533 1838 densa
1561 1797 1716 1837 levitate
1745 1795 2017 1849 suspenditur,
2048 1801 2092 1838 ut
2121 1797 2202 1838 mi-

61 1854 165 1894 nime
191 1865 335 1906 corpus
365 1855 603 1906 pertingunt.
636 1876 688 1882 —
721 1851 899 1897 Gestire‚
929 1853 1041 1893 velle.

192 1909 258 1948 Vs.
285 1907 378 1950 383.
443 1907 541 1946 Tum
568 1908 719 1947 cornia:
746 1909 966 1959 etreliqua.
1005 1907 1225 1948 Notandum
1255 1909 1453 1948 cornicem
1483 1906 1607 1948 solam
1636 1906 1864 1958 praedicere
1891 1907 2075 1960 pluviam,
2106 1919 2203 1948 cor-

60 1975 133 2005 vus
163 1976 256 2004 vero
285 1965 416 2016 plures
446 1968 560 2003 vocat
589 1963 802 2004 denuntiat.
821 1985 874 1992 —
894 1961 1044 2006 Plena,
1072 1975 1191 2003 rauca
1212 1963 1296 2002 eius
1321 1967 1522 2011 naturam3
1554 1960 1746 2012 inproba,
1778 1966 1821 2001 ut
1849 1960 2048 2013 inprobus
2070 1959 2218 2002 anser.⁸

193 2019 258 2059 Vs.
287 2017 381 2061 389.
440 2017 502 2056 Et
531 2017 643 2061 sola,
684 2023 764 2058 tum
795 2020 897 2059 enim
928 2017 994 2057 dat
1023 2019 1202 2071 signum,
1243 2029 1331 2057 cum
1361 2018 1446 2057 sola
1477 2022 1549 2058 est.
1578 2039 1634 2045 —-
1671 2016 1803 2057 Posuit
1832 2028 1926 2057 aves
1954 2016 2203 2070 praediscere

58 2074 202 2123 futura,
233 2086 335 2126 quae
363 2075 401 2113 in
431 2079 524 2113 aere
552 2076 699 2114 vivunt.

194 2130 260 2169 Vs.
289 2127 382 2170 390.
442 2127 532 2167 Nec
561 2133 766 2166 nocturna
796 2127 961 2180 quidem
991 2131 1030 2167 et
1058 2127 1221 2178 reliqua.
1261 2126 1318 2167 Ne
1346 2126 1499 2179 puellae
1526 2127 1808 2180 ignoraverunt
1835 2126 2002 2179 pluviam
2031 2126 2203 2168 futuram

60 2189 250 2226 nocturna
281 2196 403 2237 pensa
432 2189 696 2235 recarpentes,
728 2196 816 2223 cum
847 2183 1013 2222 viderint
1043 2183 1251 2222 scintillare
1278 2182 1407 2223 oleum
1442 2183 1583 2222 timore
1611 2183 1841 2236 pluviarum.

194 2241 260 2279 Vs.
293 2238 386 2280 391.
451 2237 592 2283 Testa,
625 2239 823 2280 lucernam
853 2250 924 2291 pro
955 2238 1100 2278 vilitate
1128 2237 1251 2277 noluit
1281 2238 1508 2289 nominare,
1538 2249 1612 2277 nec
1640 2237 1846 2289 lychnum,
1885 2240 1928 2276 ut
1963 2235 2200 2287 dependent

60 2294 90 2334 ἰί
105 2294 202 2334 eleni
221 2299 256 2322 ⁶⁶
285 2325 292 2332 .
1462 2318 1472 2326 .
1844 2302 1847 2303 ’

75 2309 103 2349 Ἰ
193 2297 382 2391 νε.)392.
445 2348 612 2400 Funyos
642 2348 796 2402 globos.
854 2348 997 2389 Plinius
1028 2348 1131 2398 dicit,
1163 2360 1280 2400 quum
1310 2347 1436 2400 frigus
1466 2348 1568 2388 aeris
1599 2358 1689 2387 esse
1709 2347 1894 2399 coeperit,
1918 2345 2068 2397 [favilla
2097 2357 2200 2397 quae

61 2418 148 2446 cuin
175 2405 284 2446 fumo
314 2406 415 2445 solet
445 2404 610 2457 egredi,J
634 2407 690 2452 ⁸⁷)
736 2403 929 2457 prohibita
960 2404 1062 2444 aeris
1093 2403 1351 2443 crassitudine
1379 2404 1418 2442 in
1447 2403 1606 2443 lucerna
1634 2401 1780 2442 residet
1810 2406 1848 2441 et
1877 2400 2066 2454 quasdam
2095 2401 2201 2442 velut

58 2461 269 2515 fungorum
298 2461 470 2500 imitatur
498 2460 700 2512 imagines.
1948 2500 1953 2502 ῃ

193 2516 258 2555 Vs.
287 2513 382 2558 393,
441 2512 532 2552 Nec
561 2515 690 2552 mtmzs
721 2526 774 2552 ex
804 2512 923 2551 imbri
950 2512 1081 2557 soles,
1120 2514 1276 2566 signum
1305 2512 1538 2552 serenitatis.
1571 2534 1621 2540 —-
1655 2510 1831 2555 Serena,
1862 2522 2045 2552 serenum
2075 2522 2097 2551 a
2127 2522 2199 2550 se-

59 2569 184 2613 rando
204 2574 261 2618 ⁰⁸)
291 2571 328 2610 id
361 2569 660 2620 est'aperiendo
690 2568 843 2619 dicitur,
873 2568 911 2609 id
941 2573 1002 2609 est
1029 2569 1256 2609 reserando.
2102 2603 2104 2606 ,

191 2625 258 2665 νε.
289 2623 381 2665 394.
440 2622 704 2675 prospicere,
734 2625 824 2676 quia
852 2624 955 2664 sicut
982 2624 1233 2677 cognoscitur
1259 2623 1368 2663 caelo
1390 2626 1656 2676 tempestuoso
1667 2624 1722 2669 ⁶⁹)
1743 2621 1994 2662 serenitatem
2014 2620 2198 2670 futuram,

59 2682 112 2723 ita
141 2685 180 2721 et
208 2691 350 2720 sereno
380 2684 604 2729 tempestas.

193 2736 258 2775 Vs.
291 2732 383 2776 395.
448 2733 646 2772 obtunsa.
703 2733 973 2775 Perseveravit
1001 2735 1040 2775 in
1071 2732 1335 2783 translatione,
1366 2743 1454 2772 nam
1484 2744 1572 2772 cum
1595 2731 1757 2773 dixisset
1776 2731 1913 2783 aciem,
1943 2742 2021 2771 non
2050 2729 2199 2770 obtun-

4 2805 11 2810 ·
58 2801 144 2832 sam
168 2789 326 2831 addidit.
384 2792 566 2827 luximus
597 2789 700 2829 dicit.

193 2943 244 2985 59)
269 2943 449 2976 latanae
473 2943 666 2974 sicienti.
715 2942 767 2984 so)
794 2942 1103 2976 habundantia
1128 2953 1218 2988 que.
1265 2942 1316 2985 61)
1341 2941 1588 2987 ᾳῖιιεῐοΗαιη
1611 2960 1656 2968 ·-
1691 2941 1918 2987 querellis.
1965 2940 2016 2981 62)
2041 2939 2198 2982 pluvia.

0 2982 4 2993 ¹
60 2989 111 3031 fl)
137 2999 302 3029 susum,
328 2994 361 3020 ut
387 2998 524 3031 semper.
572 2988 623 3029 64)
651 2987 914 3022 adumbium.
961 2990 1012 3031 65)
1038 2988 1287 3032 Nuncapud.
1333 2990 1384 3031 66)
1412 2989 1804 3023 voluit—licinum
1829 2993 1871 3019 ut
1897 2985 2199 3029 dependentes

60 3034 198 3087 lichit)
209 3036 231 3068 i.
277 3035 329 3076 67)
355 3034 392 3067 ln
416 3032 600 3077 parenthesi
624 3035 731 3078 posita
755 3045 795 3068 ex
812 3034 928 3069 Servio
952 3035 1055 3069 hausi.
1101 3035 1137 3069 ln
1154 3034 1228 3070 cod.
1252 3035 1380 3070 desunt.
1427 3035 1478 3078 60)
1502 3040 1665 3069 serensi
1688 3034 1736 3067 da
1763 3032 1968 3066 sei-ando.
2015 3031 2065 3075 69)
2091 3037 2201 3064 tem-

59 3085 257 3125 pestivo.
1852 3132 1914 3176 5*
