2430 3177
1239 134 1270 180 4

1128 199 1390 217 Μ

190 271 232 366 {d
270 274 331 311 est
368 268 554 366 caindida,
595 271 634 308 et
663 265 852 318 parturit
890 263 1018 304 almus
1059 275 1182 316 ayer,
1219 261 1260 303 id
1296 267 1358 303 est
1385 262 1547 315 fertilis,
1584 267 1623 305 et
1652 263 1760 303 alma
1783 266 1974 317 parenti,
2010 266 2050 308 id
2079 271 2142 309 est
2179 247 2329 311 sancta.

208 338 371 366 nmmos
430 325 506 365 'cit.

158 433 163 435 ξ
325 382 391 421 Vs.
425 340 486 420 i8.
546 376 745 430 Indz’yno,
773 377 911 429 inpari.
974 373 1178 426 Conz'uyz‘s
1209 372 1386 425 z'mliyno
1414 377 1453 414 et
1481 374 1643 427 reliqua,
1677 374 1866 416 amatoria
1896 387 1977 416 vox
2007 381 2082 426 est,
2110 377 2201 430 quia
2229 390 2252 419 a
2271 379 2330 428 ⁸⁹)

191 448 264 478 sua
292 447 416 476 uxore
446 434 669 474 destitutus.
699 454 754 461 —
783 431 994 483 Indiyno,
1031 430 1072 470 id
1101 433 1162 469 est
1183 440 1357 492 ‘magr-io,
1396 433 1439 470 ut
1473 430 1671 481 incliqnas
1700 429 1849 468 hiemes
1867 432 1947 480 4⁰),
1985 431 2025 471 id
2054 437 2131 472 est,
2152 444 2330 488 magnas.

188 492 369 532 Inmmus
398 489 501 530 dicit.
558 489 618 528 Ex
646 487 807 542 indigno
836 499 986 538 amore,
1022 485 1062 526 id
1093 489 1154 526 est
1181 496 1327 538 inpari,
1355 495 1568 537 possumus
1587 487 1640 533 ¹²¹)
1671 486 1854 526 conicere
1882 485 2045 539 dignum
2073 499 2262 539 amorem,
2291 487 2332 528 id

190 552 249 587 est
278 557 423 598 parem.
483 542 706 595 Deceptus,
738 555 826 597 ego.
858 565 913 571 —-
2170 571 2176 573 Δ

322 601 388 640 VS·
421 598 485 641 19·
549 599 721 646 Querar,
752 597 988 650 adloquor,-
1018 595 1114 635 dum
1133 606 1294 647 queror,
1326 593 1418 635 dum
1439 595 1619 647 querelas
1638 597 1696 644 4²)
1726 594 1844 644 facio,
1873 599 1927 645 ut,
1945 595 2128 637 lomnes
2157 595 2333 639 dicit.—

188 655 335 701 Divos,
366 656 440 696 alle
471 657 577 696 orice
608 654 766 705 Caesar,
797 654 860 693 vel
888 652 1020 692 Pollio.
1434 698 1445 703 ..

321 711 387 751 Vs.
419 709 443 752 2
475 742 484 751 .
542 708 745 748 Extrema
772 710 875 749 vitae
903 719 1028 756 meae,
1061 705 1211 746 scilicet
1239 705 1412 744 moriens
1442 717 1513 757 pro
1543 705 1753 757 asperitate
1783 705 1887 746 exilii
1918 709 1956 745 et
1983 706 2142 746 amoris.
2315 742 2318 743 γ

319 767 386 807 Vs.
418 765 483 807 21.
542 764 688 817 Incipe
719 762 968 803 Maenalios.
1009 761 1229 802 Maenalum
1249 760 1307 809 4³)
1338 760 1502 812 eiusque
1530 761 1643 801 lucos
1671 760 1805 800 laudat
1835 765 1873 800 et
1901 760 2163 812 frequentiam
2188 765 2331 812 pasto-

186 835 274 863 rum
304 822 525 863 canentium
542 823 623 869 44“);
653 831 794 861 versus
824 818 1036 858 Maenalios
1065 820 1194 856 vocat.
1246 814 1429 853 Iummus
1461 815 1564 855 dicit.
1623 816 1671 855 Hi
1690 818 1749 863 ⁴¹⁵)
1780 827 1921 855 versus
1952 816 2102 856 calares
2133 814 2330 866 dicuntur,

188 879 278 928 quia
315 876 481 917 subinde
516 880 769 928 repetuntur,
808 878 847 913 et
876 877 1037 912 ornatus
1077 882 1197 911 causa
1235 882 1304 921 per
1334 869 1492 910 schema
1525 870 1602 910 hoc
1638 870 1780 911 facitur
1798 873 1865 918 4⁶).
1925 872 2186 910 GAunmwrms
2223 870 2329 912 dicit.

193 931 316 970 Tibia
343 932 497 985 stipula,
527 931 590 971 vel
619 931 710 971 tibia
738 929 779 970 id
808 932 869 968 est
898 927 1047 967 calami.
1067 948 1121 953 —
1144 923 1393 968 Maenalios,
1423 924 1629 975 Arcadios,
1661 925 1738 965 hoc
1767 930 1828 965 est
1857 937 1880 965 a
1907 925 2100 976 Maenalo,
2130 927 2330 975 montem)

185 987 390 1028 Arcadiae.
449 987 519 1027 Hic
546 996 687 1026 sensus
718 989 799 1024 est:
838 987 882 1023 ut
913 983 971 1022 sic
998 981 1148 1034 possim
1179 991 1353 1021 amorem
1384 985 1563 1030 cantare,
1601 980 1715 1031 quasi
1743 980 1821 1019 Pan
1849 981 1889 1020 in
1916 979 2087 1020 'Arcadia
2114 979 2332 1033 Nympham

187 1043 379 1092 cantavit,
419 1046 462 1082 ut
490 1041 754 1095 praediximus
791 1040 832 1079 in
859 1037 1032 1078 secunda
1063 1036 1221 1088 ecloga,
1262 1039 1300 1074 et
1336 1034 1400 1074 hic
1429 1035 1652 1087 metalepsis
1672 1035 1731 1086 4⁸)
1761 1039 1845 1086 est,
1886 1039 1926 1075 et
1952 1035 2042 1075 ideo
2072 1037 2222 1088 tropice
2249 1035 2333 1076 vult

185 1097 288 1138 Pana
316 1097 503 1150 intellegi,
534 1097 624 1149 quia
650 1097 737 1149 ipse
764 1099 823 1135 est
854 1095 1034 1134 inventor
1059 1090 1213 1130 fistulae
1240 1089 1459 1142 pastoralis.
1489 1111 1544 1118 —

320 1153 386 1192 Vs.
417 1150 483 1193 22.
539 1149 758 1204 Aryutum,
788 1148 995 1190 stridulum
1015 1149 1072 1195 4⁹)
1106 1158 1156 1185 ex
1183 1146 1388 1185 iteratione
1416 1144 1637 1184 resonantis
1667 1144 1872 1196 reciproce
1899 1144 2031 1196 vocis,
2059 1143 2101 1184 id
2129 1149 2191 1185 est
2218 1144 2330 1186 echo.

185 1231 240 1239 —-
268 1206 473 1260 Aryutum
502 1220 652 1254 nemus,
682 1218 705 1246 a
731 1209 849 1245 vento
879 1208 1039 1243 motum.
1097 1199 1313 1252 Pinosque
1343 1199 1558 1251 loquentes
1587 1211 1659 1252 pro
1687 1199 1809 1239 Musis
1838 1201 1982 1253 posuit.
2038 1197 2196 1244 Pinos,
2226 1200 2329 1242 alle-

185 1264 321 1317 gorice
348 1267 486 1315 poetas
514 1263 703 1316 plurimos
733 1271 889 1312 semper
917 1258 1045 1297 habet.
1077 1280 1130 1286 —

318 1318 364 1357 V.
396 1316 462 1359 23.
520 1316 754 1359 Pastorum,
785 1312 824 1356 id
854 1318 914 1353 est
941 1311 1130 1366 Apollinis
1160 1310 1223 1351 vel
1249 1309 1427 1351 aliorum.
1486 1306 1671 1354 Amores,
1702 1310 1883 1362 querelas
1903 1312 1974 1359 ⁵⁰).

317 1373 384 1413 Vs.
416 1372 481 1414 24.
539 1370 757 1423 Panaque,
788 1369 1037 1410 accusativus
1068 1373 1140 1417 est,
1172 1365 1211 1406 id
1242 1369 1302 1405 est
1330 1365 1522 1417 pinosque
1551 1365 1758 1416 loquentes
1790 1370 1829 1405 et
1857 1366 1960 1407 Pana
1977 1366 2034 1414 ⁵1)
2061 1364 2191 1408 habet,
2230 1364 2332 1406 Non

179 1441 347 1480 passus,
387 1428 426 1468 id
458 1433 537 1469 est:
567 1439 648 1468 non
676 1437 838 1479 passum
867 1424 1039 1466 calamos
1071 1433 1161 1463 esse
1187 1421 1347 1461 inertes,
1383 1442 1438 1449 --
1466 1418 1623 1458 Inertes
1644 1422 1726 1472 ⁵²),
1758 1425 1954 1472 tacenteS,
1985 1421 2070 1461 sine
2099 1425 2238 1473 cantu,
2268 1421 2332 1463 vel

183 1484 387 1534 inhabileS,
417 1484 480 1524 vel
511 1496 593 1524 non
620 1493 803 1522 canoros.
2101 1482 2106 1484 “

319 1539 385 1579 Vs.
417 1537 482 1580 26.
542 1537 721 1588 Mopso,
751 1536 913 1589 indigno
942 1534 1102 1575 homini.
1158 1531 1277 1577 Nisa,
1307 1543 1420 1572 uxor.
1478 1532 1564 1572 Hoc
1591 1535 1726 1585 pastor
1755 1530 1847 1571 dicit
1876 1530 1925 1571 de
1953 1535 2133 1584 pastore,
2164 1531 2229 1572 cui
2255 1541 2331 1572 sua

186 1595 331 1636 coniux
358 1595 503 1646 nupsit.
561 1592 718 1643 Mopso
747 1590 855 1629 Nisa
884 1591 1021 1629 datur.
1080 1589 1192 1629 Nunc
1221 1587 1420 1628 adnotatio
1448 1587 1581 1639 incipit
1611 1599 1738 1638 usque
1758 1587 1807 1627 ad
1835 1586 1952 1626 finem
1965 1588 2044 1636 ⁴⁵³).
2101 1585 2331 1639 Indignatur

184 1650 286 1690 enim
317 1649 450 1689 Nisam
480 1648 617 1701 Mopso
658 1648 787 1687 datam
825 1651 865 1686 et
904 1658 948 1685 se
986 1650 1172 1697 spretum.
1236 1643 1419 1681 lusimus
1458 1642 1562 1682 dicit.
1633 1641 1748 1685 Quid
1783 1655 1868 1679 uon
1902 1654 2106 1692 speremus
2147 1645 2327 1681 amantes

182 1707 208 1746 i.
241 1717 277 1745 e.
308 1704 464 1756 quando
493 1704 572 1744 hoc
602 1702 783 1754 contigit,
823 1700 918 1740 nihil
948 1703 1030 1748 est,
1069 1696 1174 1749 quod
1204 1695 1288 1735 fieri
1326 1707 1405 1734 non
1433 1696 1571 1748 possit.
1644 1695 1757 1739 Quid
1785 1709 1869 1733 nou
1897 1708 2105 1747 speremus
2134 1700 2328 1741 amantes,

186 1760 276 1812 quia
305 1760 344 1798 in
375 1771 509 1799 amore
538 1763 600 1798 est
626 1769 782 1810 semper
810 1767 992 1808 sperare,
1022 1751 1062 1794 id
1087 1756 1159 1801 est,
1191 1750 1283 1802 quid
1314 1753 1393 1799 est,
1427 1750 1533 1801 quod
1553 1752 1610 1798 ⁵4)
1640 1762 1718 1790 non
1749 1762 1906 1803 semper
1934 1762 2096 1804 sperare
2126 1750 2328 1792 debemus.

185 1838 239 1843 —
270 1813 424 1866 Mopso
457 1813 564 1852 Nisa
595 1813 734 1855 datur,
763 1811 840 1851 hoc
871 1814 932 1850 est
959 1813 1093 1862 pastor
1120 1818 1285 1847 uxorem
1315 1816 1427 1845 suam
1457 1805 1606 1857 pastori
1635 1805 1697 1844 alii
1727 1804 1856 1845 datam
1876 1806 2112 1858 indignatur.
2150 1804 2329 1857 Mopsus

184 1868 339 1910 Atticus
370 1874 479 1909 vates
509 1868 603 1918 fuit,
643 1866 771 1912 Nisa,
800 1866 911 1906 locus
940 1864 980 1903 in
1010 1863 1127 1912 Asia,
1168 1865 1205 1901 et
1233 1859 1325 1899 inde
1354 1860 1428 1899 alio
1460 1860 1619 1912 ingenio
1654 1872 1724 1911 per
1752 1864 1889 1911 poetas
1919 1860 2224 1914 intellegendum
2253 1866 2328 1902 est.

186 1924 340 1976 Mopso
372 1925 582 1977 allegorice
611 1922 819 1962 Theocrito
840 1921 898 1970 55)
937 1919 1000 1958 vel
1027 1918 1120 1957 Ario
1151 1915 1381 1956 centurioni.
1438 1913 1569 1958 Nisa,
1601 1926 1696 1967 ager
1725 1915 1896 1968 Virgilii,
1928 1916 1990 1955 vel
2021 1915 2249 1957 Cornificius
2278 1916 2329 1958 de

182 1980 343 2033 Virgilio
375 1979 487 2029 dicit,
525 1979 588 2018 cui
617 1978 774 2017 Mantua
813 1975 876 2016 vel
913 1975 998 2027 agri
1027 1972 1257 2013 redduntur.
1320 1968 1434 2014 Quid
1462 1983 1547 2007 uon
1574 1981 1779 2020 speremus
1817 1975 1855 2009 et
1883 1971 2052 2022 reliqua..
2089 1970 2325 2024 Allegorice,

185 2048 308 2087 qnare
336 2047 417 2075 non
444 2033 635 2075 habemus
665 2032 866 2081 fiduciam,
908 2034 949 2069 ut
975 2029 1087 2069 nobis
1117 2026 1332 2067 reddantur
1360 2025 1466 2077 agri,
1509 2037 1598 2065 cum
1628 2026 1706 2076 eis,
1745 2025 1812 2077 qui
1840 2026 1966 2066 simile
2001 2025 2106 2066 aliud
2134 2025 2325 2078 fecerunt,

183 2090 322 2132 redditi
354 2091 442 2130 sint.
473 2111 527 2119 —-
1940 2097 1943 2099 ·

316 2146 360 2185 V.
391 2143 457 2186 27.
515 2143 743 2196 Iuvzyentzci·
773 2143 854 2180 iam
881 2139 1064 2194 yryplzes
1085 2140 1144 2190 56)
1175 2137 1301 2190 equi&
1366 2137 1474 2178 Haeo
1511 2140 1646 2176 contra
1684 2140 1864 2176 naturam
1902 2135 1999 2177 fiunt
2017 2139 2088 2184 ⁵⁷).
2147 2134 2325 2189 Gryphes

184 2212 278 2241 aves
308 2200 417 2241 ferae
437 2203 507 2250 ⁵³),
539 2211 641 2252 quae
671 2203 762 2239 sunt
790 2199 830 2238 in
861 2197 1033 2250 Scythia,
1064 2195 1129 2235 vel
1157 2192 1310 2243 animal,
1342 2192 1449 2244 quod
1476 2192 1516 2231 in
1537 2190 1799 2244 Hyperboreis
1827 2192 1924 2231 locis
1953 2192 2139 2242 nascitur,
2169 2202 2327 2244 semper

186 2268 310 2307 equos
341 2256 540 2305 affectans,
573 2253 644 2294 sed
674 2253 722 2294 ad
751 2252 986 2301 nocendum,
1018 2250 1123 2303 quod
1153 2254 1326 2290 rostrum
1355 2247 1472 2287 habet
1501 2251 1540 2286 et
1569 2257 1716 2298 pennas
1747 2251 2011 2298 quattuorque
2030 2245 2166 2299 pedes,
2194 2247 2326 2300 imago

182 2311 320 2361 leonis,
354 2315 470 2363 caput
499 2310 712 2362 aquilinum
743 2313 780 2348 et
809 2319 987 2361 ungues3
1017 2306 1094 2345 hoc
1124 2310 1195 2355 est,
1228 2305 1330 2344 siout
1358 2302 1457 2343 haec
1487 2306 1623 2342 contra
1651 2306 1831 2345 naturam
1861 2306 1964 2351 sunt,
1995 2302 2054 2341 sie
2083 2306 2220 2342 contra
2248 2313 2325 2342 ve-

182 2366 334 2406 ritatem
362 2366 500 2418 Mopso
528 2365 620 2405 Nisa
650 2364 773 2405 datur.
803 2385 858 2391 —
893 2360 1079 2415 Gryplaes
1099 2363 1155 2408 ⁵⁹)
1187 2358 1329 2401 animal
1358 2361 1418 2397 est
1446 2358 1484 2397 in
1515 2355 1778 2409 Hyperboreis
1806 2356 2004 2398 montibus
2039 2356 2167 2397 simile
2204 2356 2323 2407 leoni,
2378 2373 2380 2375 ·

183 2420 264 2462 alas
292 2420 441 2461 habens
473 2425 511 2461 et
538 2423 712 2460 rostrum
741 2419 781 2458 in
811 2417 1061 2458 similitudine
1090 2415 1253 2467 aquilae,
1286 2413 1394 2464 equis
1424 2412 1747 2451 inimicissimum.

316 2475 382 2515 Vs.
414 2474 478 2517 28.
542 2473 642 2513 Cum
677 2472 845 2512 canibus
883 2477 923 2512 et
951 2472 1122 2523 reliqua,
1160 2469 1266 2521 quod
1305 2472 1366 2508 est
1404 2472 1539 2508 contra
1579 2469 1771 2506 naturam.
1843 2464 1998 2504 Timidi
2035 2476 2105 2518 pro
2144 2463 2324 2515 timidae3

182 2530 347 2571 mutavit
366 2533 422 2579 ⁰⁰)
453 2541 604 2584 genus,
646 2535 689 2570 ut
715 2529 755 2569 in
784 2528 981 2581 georgicis
1002 2527 1082 2577 ⁰¹):
1123 2525 1242 2576 capti
1271 2522 1426 2574 talpae.
1457 2545 1512 2551 —-
1539 2518 1700 2559 Damae
1718 2522 1798 2570 ⁶²),
1831 2531 1958 2574 genus
1986 2521 2254 2573 animantium,
2282 2519 2324 2561 id

183 2591 244 2627 cst
273 2597 317 2627 ca
347 2597 426 2626 rae.
460 2608 514 2616 —

317 2596 383 2680 Vs,
414 2638 479 2681 29.
538 2640 688 2691 Mopse
704 2651 831 2678 novas
852 2637 992 2677 incide
1009 2637 1137 2687 faces.
1175 2633 1322 2684 lucide,
1352 2631 1488 2673 scinde
1499 2645 1510 2682 3
1540 2630 1648 2672 faces
1669 2629 1842 2672 incidere
1861 2630 2029 2682 iubetur,
2060 2630 2152 2684 quia
2171 2629 2322 2672 scilicet

181 2700 328 2748 nuptae
351 2695 401 2735 ad
428 2695 557 2735 facem
586 2695 889 2737 deducebantur.
955 2690 1050 2730 Tibi
1079 2690 1247 2730 ducitur
1265 2691 1323 2738 ⁶³)
1353 2700 1486 2736 uxor,
1514 2697 1586 2739 pro
1616 2697 1677 2737 eo,
1709 2685 1816 2738 quod
1844 2689 1926 2726 est:
1956 2697 1980 2726 a
2009 2689 2051 2727 te
2077 2685 2233 2727 ducitur
2249 2687 2322 2735 ⁶³).

316 2826 368 2868 39)
403 2825 505 2859 Cod.:
539 2825 599 2859 ad.
655 2825 707 2867 40)
740 2825 813 2858 Vid.
849 2824 963 2869 Virgil.
993 2822 1111 2866 Georg.
1142 2820 1195 2862 11,
1219 2818 1299 2855 373.
1353 2819 1402 2861 41)
1440 2817 1542 2853 Cod.:
1575 2818 1812 2861 possimus.
1868 2817 1917 2858 42)
1949 2815 2050 2850 Cod.:
2083 2815 2320 2861 querellas.

180 2874 233 2910 43)
259 2871 363 2905 Cod.:
388 2872 656 2906 Maenalium.
703 2871 754 2912 44)
782 2870 884 2904 Cod.:
911 2871 1131 2903 canentia.
1176 2868 1228 2908 45)
1255 2865 1357 2900 Cod.:
1381 2865 1453 2898 hii.
1500 2864 1552 2906 46)
1576 2864 1632 2897 Sic
1658 2863 1732 2896 cod.
1791 2862 1843 2904 47)
1869 2861 1972 2896 Cod.:
1996 2862 2178 2896 amando
2201 2872 2320 2895 mon-

180 2923 278 2950 tem.
313 2918 365 2959 48)
391 2917 493 2951 Cod.:
518 2917 804 2951 metalemsis.
840 2917 892 2957 49)
920 2915 1020 2949 Cod.:
1047 2913 1293 2948 stridolum.
1327 2911 1379 2953 50)
1404 2909 1504 2945 cod.=
1531 2909 1776 2954 querellas.
1810 2909 1862 2950 51)
1888 2907 1993 2942 Cod.:
2016 2918 2113 2951 pan.
2144 2907 2197 2950 52)
2215 2906 2318 2941 Cod.:

181 2962 400 2996 inhertes.
446 2963 660 2997 Inhertes.
709 2966 759 3000 53)
785 2962 837 2995 Ad
863 2961 1015 3004 Georgic.
1040 2961 1079 3001 11,
1104 2958 1159 2993 70.
1185 2958 1266 2991 haec
1289 2957 1452 3001 adscripta
1477 2962 1571 2988 sunt:
1604 2955 1710 2997 Heu,
1737 2954 1840 2987 heu!
1867 2959 2092 2987 tractatus
2119 2953 2246 2986 deest
2269 2952 2319 2987 ab

182 3007 388 3042 hocloco
412 3019 547 3051 usque
572 3009 622 3042 ad
647 3010 815 3052 ingens.
861 3009 912 3050 54)
939 3006 1040 3040 Cod.:
1066 3003 1242 3050 quidem
1265 3003 1388 3047 quod.
1435 3001 1486 3042 55)
1512 3001 1613 3035 Cod.:
1638 3000 1875 3034 tehocrito.
1897 2999 1958 3043 μὶ)
1984 2998 2154 3033 Cod.fere
2169 3008 2318 3042 semper:

183 3053 342 3096 grifes.
388 3054 439 3095 57)
464 3053 565 3087 Cod.:
590 3054 714 3088 fiant.
761 3054 813 3095 58)
839 3053 939 3087 Cod.:
966 3051 1188 3085 aveferae.
1235 3050 1287 3092 5⁹)
1314 3048 1418 3084 Cod.:
1443 3047 1640 3091 Grippes.
1687 3046 1740 3089 60)
1763 3045 1866 3081 Cod.:
1896 3045 2089 3079 mutabit.
2123 3043 2175 3086 61)
2198 3043 2318 3089 Georg-

183 3099 213 3141 1,
243 3096 319 3133 183.
367 3100 418 3141 62)
443 3099 549 3133 Cod.:
575 3101 746 3134 damme.
798 3100 849 3142 63)
873 3099 976 3134 Cod.:
1004 3097 1178 3131 dicitur.
