2430 3177
222 224 512 272 bibliothecae
548 221 713 281 regalis
749 220 844 266 cod.
872 220 1015 267 8209.
1051 219 1215 266 scholia
1249 218 1444 281 perbona
1479 219 1672 278 invenit,
1711 233 1894 281 quorum
1930 223 2154 284 specimen
2177 225 2234 269 in
2253 223 2352 272 libri

224 291 388 337 Gallice
435 291 605 350 scripti,
660 289 780 331 cuius
824 287 972 331 titulus
1017 292 1106 331 est:
1160 286 1395 343 „Revue
1440 285 1503 330 de
1548 286 1912 346 philologi&
1956 288 2045 334 vol.
2073 290 2113 334 1.
2160 296 2270 350 part.
2308 293 2349 337 1.

224 372 338 403 anno
379 357 504 402 1845
538 353 691 409 edidit,
729 359 772 413 et
800 353 876 398 Dr.
900 351 956 397 M.
982 352 1140 409 Hertz,
1175 354 1246 398 vir
1268 351 1568 409 doctissimus,
1606 352 1710 397 mihi
1732 355 1953 411 narravit,
1988 354 2156 399 Romae
2177 358 2351 402 tertium

222 423 419 467 codicem
464 421 679 466 Vossiauo
725 425 768 463 et
811 419 1028 464 Bel-nensi
1073 418 1337 464 simillimum
1379 424 1601 479 repertum
1634 433 1758 474 esse,
1810 421 1869 463 ita
1912 426 1959 464 ut
2002 419 2189 467 fortasse
2223 421 2350 470 brevi

220 496 416 549 tempore
449 486 640 531 futurum
676 488 754 543 sit,
800 492 846 530 ut
880 485 988 530 haec
1022 485 1184 530 scholia
1219 485 1544 530 triumvirorum
1579 487 1963 544 grammaticorum
1998 500 2057 532 ex
2094 487 2232 534 tribus
2267 503 2349 534 66-

222 555 388 599 dicibus
423 552 652 598 emendata
689 558 732 596 et
767 566 825 596 ex
860 551 1058 596 Parisino
1095 557 1220 596 aucta
1257 550 1454 597 edantur.
1519 551 1718 609 Interim,
1766 566 1897 611 quum
1933 558 2032 613 apta
2065 554 2170 599 mihi
2205 553 2349 601 oblata

222 622 277 666 sit
321 621 520 676 occasio,
567 618 757 675 scholiis,
804 632 916 678 quae
950 619 996 663 in
1031 617 1184 663 codice
1227 617 1443 663 Bernensi
1487 617 1542 662 ad
1588 623 1757 679 septem
1792 621 1961 679 priores
1997 618 2215 680 adscripta
2250 627 2349 667 sunt

143 741 154 749 N
217 687 424 745 eclogas,
471 684 587 730 nunc
630 687 800 743 integra
851 683 1049 746 publico,
1096 690 1140 730 et
1184 684 1269 731 alio
1313 691 1510 747 tempore
1555 684 1722 732 scholia
1771 686 1817 729 in
1851 685 2044 746 reliquas
2089 683 2270 747 eclogas
2306 680 2349 733 et

218 754 431 813 georgica
464 757 714 812 sequentur.
1284 747 1286 749 ’
1649 746 1658 751 ’

350 817 559 864 Codicem
594 818 859 863 Vossianum
895 824 968 863 aut
1002 832 1061 864 ex
1093 816 1310 865 Bernensi
1346 818 1607 882 descriptum
1642 832 1770 878 esse,
1821 824 1894 864 aut
1927 823 2158 880 utrumque
2202 818 2348 866 eidem

218 885 456 946 archetypo
478 884 617 930 codici
637 886 853 942 originem
881 882 1066 944 debere,
1101 885 1205 932 mihi
1226 893 1404 948 propter
1426 886 1533 933 duas
1556 885 1925 948 subscriptiones,
1964 899 2076 945 quae
2098 889 2143 932 in
2160 891 2348 948 utroque

217 951 370 998 codice
390 952 619 1011 leguntur,
656 952 869 1012 persuasi.
936 951 1009 997 Ad
1033 966 1213 999 versum
1241 955 1359 999 enim
1377 955 1441 1000 77
1479 953 1675 998 decimae
1711 953 1895 1011 eclogae
1915 952 2024 997 haec
2058 954 2105 998 in
2133 951 2348 1000 Bernensi

216 1018 368 1064 codice
405 1018 609 1063 adnotata
645 1024 766 1063 sunt:
812 1017 962 1062 Haec
1005 1021 1187 1065 omnia
1230 1018 1295 1064 de
1340 1021 1760 1064 commentariis
1795 1018 2171 1078 Romanorum
2205 1033 2348 1077 con-

216 1085 487 1145 gregavi,
523 1083 578 1128 id
615 1089 703 1129 est
739 1083 853 1127 Titi
889 1080 1040 1128 Galli
1075 1090 1128 1129 et
1164 1082 1471 1130 Gaudentii
1506 1091 1558 1130 et
1588 1087 1829 1130 maxime
1864 1084 2071 1131 Junilii
2105 1081 2345 1145 Flagr'ii.

215 1150 707 1206 Mediolanenses,
745 1162 856 1209 quae
892 1149 1047 1195 eadem
1080 1151 1124 1196 in
1158 1150 1602 1208 Vossian0,⁷mutat0
1626 1149 1843 1196 vocabulo
1877 1150 2347 1208 Mediolanenses

215 1220 261 1264 in
295 1215 799 1262 Mediolanentium
842 1217 1148 1272 inveniuntur3
1184 1222 1228 1261 et
1264 1230 1375 1277 quae
1409 1218 1456 1260 in
1502 1215 1654 1261 codice
1688 1216 1904 1280 Beruensi
1947 1215 2003 1279 ad
2045 1215 2177 1262 finem
2221 1218 2349 1262 ‘rimi

215 1284 527 1343 georgicorum
562 1281 661 1327 libri
697 1282 925 1342 leguntur:
981 1282 1140 1328 Titus
1178 1281 1371 1328 Gallus
1409 1281 1472 1327 de
1505 1281 1693 1327 trihus
1729 1283 2154 1328 commentariis
2241 1292 2356 1329 au-'

217 1350 443 1395 (lentius
488 1348 625 1393 11366
668 1346 831 1405 fecit,
879 1362 931 1393 ea
967 1349 1055 1396 sic:
1112 1349 1272 1395 Titus
1317 1346 1513 1395 Gallus
1570 1347 1633 1393 de
1678 1347 1860 1393 tribus
1915 1350 2346 1395 commentariis

215 1414 525 1461 Gaudentii
560 1414 694 1460 haec
729 1416 966 1475 scripsit
999 1417 1046 1461 in
1081 1415 1234 1462 codice
1254 1415 1474 1462 Vossiano
1510 1420 1611 1462 sunt
1646 1417 1819 1476 scripta.
1868 1413 2120 1460 Secundum
2152 1416 2345 1477 priorem

214 1481 578 1542 subscriptionem
628 1482 876 1541 incognitus
931 1487 1242 1542 grammaticus
1289 1484 1420 1530 trium
1462 1483 1872 1528 commentariorum
1918 1486 2126 1542 excerpta
2160 1482 2207 1528 in
2256 1495 2344 1528 uno

215 1547 440 1594 volumine
476 1549 724 1605 coniunxit,
763 1547 878 1609 quod
902 1564 1063 1595 revera
1097 1548 1259 1594 factum
1295 1546 1397 1596 esse
1434 1563 1493 1594 ex
1515 1548 1692 1595 scholiis
1726 1549 1834 1609 ipsis
1868 1553 2072 1609 apparet,
2107 1547 2345 1609 inquibus

216 1614 474 1674 saepissime
510 1613 565 1657 ad
600 1613 715 1656 idem
738 1614 997 1656 vocabulum
1031 1622 1121 1665 tros
1145 1615 1450 1655 adnotationes
1488 1615 1715 1673 adpositae
1749 1615 1847 1656 sint.
1918 1613 2072 1659 Omnia
2106 1615 2242 1672 igitur
2273 1628 2344 1671 ea,

218 1693 331 1741 quae
376 1680 421 1723 in
464 1678 546 1723 1166
587 1677 737 1723 codice
781 1675 835 1721 ad
880 1688 1038 1721 versus
1084 1673 1256 1733 Virgilii
1300 1674 1516 1736 adscripta
1561 1681 1685 1732 sunt,
1732 1689 1791 1720 ex
1826 1681 2151 1724 commentariis
2194 1679 2357 1726 Junilii>

215 1746 407 1804 Flagrii,
454 1743 682 1789 Gaudentii
720 1748 763 1788 et
808 1741 892 1788 Titi
938 1739 1051 1786 Galli
1092 1740 1245 1786 hausta
1280 1755 1405 1799 esse,
1441 1755 1699 1802 persuasum
1734 1740 1838 1787 mihi
1872 1747 1962 1798 est3
2007 1742 2086 1789 sed
2121 1743 2178 1789 ad
2213 1753 2356 1806 quem·

215 1817 440 1858 auctorem
474 1810 625 1870 glossa
659 1823 858 1873 quaeque
893 1809 1132 1873 pertineat,
1178 1821 1310 1871 quum
1341 1820 1493 1855 eorum
1525 1808 1702 1857 nomina
1744 1822 1846 1855 raro
1882 1807 2080 1871 adposita
2114 1811 2224 1870 sint,
2261 1811 2345 1858 dici

212 1893 300 1926 non
334 1883 489 1941 potest.

346 1945 414 1989 De
457 1944 523 1990 his
558 1945 854 2003 grammaticis
899 1941 1151 2005 exponendi
1186 1941 1390 1989 voluntas
1425 1941 1529 1987 mihi
1564 1955 1652 1987 non
1688 1946 1779 1999 est,
1825 1955 1882 1989 ne
1907 1942 1952 1987 in
1985 1943 2282 2004 provinciam,
2317 1958 2344 1989 a

216 2011 324 2056 viris
370 2009 632 2056 doct1ssimis
676 2013 762 2056 iam
807 2016 1062 2071 occupatam
1107 2008 1221 2055 haud
1256 2011 1363 2055 satis
1406 2014 1596 2053 armatus
1623 2010 1856 2053 incurram.
1926 2008 1994 2054 De
2028 2008 2191 2054 Junilio
2225 2010 2343 2055 enim

216 2076 418 2135 Flagrio,
454 2076 529 2122 vel
547 2077 677 2122 Junio
701 2076 1005 2138 Philargyrio,
1039 2077 1129 2135 egit
1162 2075 1500 2122 Fridericus
1523 2073 1711 2120 Osann
1744 2075 1790 2118 in
1808 2073 1942 2119 libro:
1980 2074 2344 2135 „Beit'raege

217 2157 315 2187 zur
358 2140 576 2188 Griech.
622 2158 664 2189 u.
701 2142 885 2188 Roem.
931 2140 1638 2201 [1116131111ἓ16561116111666
1683 2137 1817 2185 T.11.
1853 2155 1894 2202 p.
1917 2142 2011 2188 281
2037 2142 2262 2200 -2874
2299 2147 2343 2187 et

217 2207 513 2269 Philippus
549 2208 818 2267 Wagner,
853 2222 942 2253 non
976 2210 1206 2254 immemor
1224 2205 1873 2264 Analectorum-Bernensium,
1907 2208 1953 2252 in
1986 2206 2170 2270 epistola
2192 2209 2344 2254 critica

218 2272 274 2317 ad
292 2274 642 2336 Peerlkampium
674 2276 833 2335 scripta
853 2276 1232 2320 commentationis
1267 2274 1321 2318 de
1354 2274 1483 2320 Junio
1504 2271 1780 2332 Philargyrio
1815 2278 1981 2333 partem
2016 2274 2206 2334 priorem
2226 2287 2342 2320 anno

221 2338 347 2384 1846
385 2338 513 2385 dedit.
575 2340 782 2386 Codicem
801 2340 1071 2386 Bernensem
1104 2339 1356 2386 fidelissime
1392 2338 1567 2399 quidem
1599 2337 1906 2399 publicandum
1941 2341 2118 2397 curavi,
2152 2345 2342 2386 attamen

219 2402 292 2448 ubi
311 2407 610 2452 necessarium
635 2407 738 2453 mihi
761 2421 861 2466 esse
881 2406 1115 2454 videbatur
1130 2440 1143 2465 ,
1180 2406 1346 2452 lectore
1372 2419 1594 2468 nunquam
1613 2418 1703 2451 non
1727 2406 1916 2464 monito,
1947 2404 2156 2453 nonnulla
2176 2407 2342 2453 mutavi

217 2475 261 2515 et
295 2470 546 2531 interposui.
