2430 3177
1149 114 1210 161 17

239 247 307 288 VS.
335 244 431 288 411.
488 244 572 286 Bis
591 249 781 298 segetem,
812 248 989 298 segetem
1008 255 1081 298 pro
1109 249 1213 285 terra
1231 244 1386 298 posuit3
1415 243 1507 286 dicit
1518 247 1574 294 ⁷⁷)
1606 245 1708 286 enim
1728 245 1788 288 bis
1808 250 1954 288 terram
1972 252 2132 300 propter
2150 248 2248 290 her-

102 302 195 345 bam
221 301 448 343 fodiendam
460 303 516 352 ⁷⁸)
546 306 586 343 et
615 301 674 341 bis
704 301 857 340 vineam
885 298 1197 352 pampinandam.
1227 323 1282 329 —-
1310 298 1417 344 Bis,
1446 301 1570 341 semel
1598 306 1809 352 autumno,
1839 303 1963 343 semel
1990 316 2097 343 vere.

235 357 303 398 Vs.
333 355 428 398 412.
485 354 627 395 Durus
653 358 825 407 uterque
855 353 977 393 labor
1004 353 1054 395 ad
1082 354 1385 408 pampinandum
1414 359 1452 395 et
1480 355 1530 396 ad
1548 354 1775 397 fodiendum
1787 360 1868 408 ⁷⁹),
1899 358 1961 398 vel
1989 358 2249 399 tollendarum

101 411 311 454 herbarum
337 417 378 452 et
404 411 603 453 frondium
632 410 907 451 secandarum.
936 432 991 438 —
1019 407 1216 448 Laudato
1246 410 1437 462 irruentia
1465 415 1504 451 et
1531 410 1702 463 reliqua,
1737 412 1826 464 quia
1855 413 2026 453 maiores
2056 425 2188 467 agros-
2209 419 2249 455 et

100 467 272 509 incultos
301 479 394 508 rura
424 467 615 508 dicebant.
673 463 891 508 Laudato,
920 463 960 504 id
990 468 1051 504 est
1078 464 1259 517 ingentes
1289 466 1407 506 silvas
1437 465 1609 506 incolito.

236 523 304 564 Vs.
334 519 430 563 413.
486 520 724 573 Exiguum,
754 530 838 561 ruS.
894 519 1008 558 rusci
1025 518 1065 559 id
1085 524 1145 559 est
1163 520 1298 561 inculti
1318 522 1485 573 agri80).
1504 540 1559 548 --
1591 519 1729 566 Rusti,
1758 523 1933 571 rusciffi)
1954 522 2080 576 magis
2100 523 2245 577 legen-

102 576 220 631 dum,
249 582 294 619 ut
320 576 374 618 ibi
401 575 618 616 horridior
629 578 686 624 ⁸²)
713 587 860 619 rusco,
889 585 1018 628 genus
1044 574 1203 629 virgulti
1231 576 1348 617 vitem
1377 574 1637 628 impedientis.

235 632 301 673 Vs.
332 629 428 672 414.
484 629 660 670 Arundo
672 632 754 682 ⁸³),
785 629 973 671 calamus.

232 687 300 728 Vs.
329 684 424 726 415.
482 685 641 725 Inculti
670 685 783 737 quasi
812 697 901 725 cum
929 684 1196 738 indignatione
1225 685 1277 725 ait
1307 696 1428 726 causa
1456 685 1604 726 vitium.
1634 707 1689 715 —-

232 741 300 782 Vs.
329 738 425 782 416.
484 740 571 780 Iam
597 740 752 792 falcem
781 738 1278 791 arbusta85),reponunt‚
1306 745 1465 794 putatae
1496 746 1599 781 sunt.

231 795 300 838 Vs.
330 794 424 837 417.
482 795 697 848 Effectos,
728 795 891 836 effectus
922 796 986 837 alii
1015 795 1098 835 avis
1127 795 1212 835 sive
1243 807 1387 835 nomen
1416 799 1570 849 poetae.
1599 817 1656 824 —
1693 796 1845 839 Antes,
1877 795 2060 837 dicuntur
2089 797 2247 850 angusti

99 850 292 904 quadrato
321 852 521 893 vinearum
542 853 626 891 sive
653 851 858 891 novissimi
887 849 1045 890 ordines
1076 849 1276 891 vinearum
1285 863 1297 900 ;
1327 850 1391 892 alii
1409 851 1615 900 macerias,
1647 851 1788 902 quibus
1812 851 1950 891 vineae
1980 851 2245 893 includuntur.

231 907 298 948 Vs.
328 904 424 948 418.
484 906 787 949 Sollicitando,
807 904 994 947 fodienda
1005 908 1085 956 ⁸⁵);
1101 904 1339 959 pulvisque,
1354 917 1481 960 genus
1495 906 1625 959 ipsum
1641 906 1820 947 culturae
1834 906 2050 958 pulveratio
2069 913 2244 948 vocatur.

229 962 297 1002 Vs.
327 959 422 1003 419.
480 960 699 1012 Iuppiter,
727 960 864 1000 imber.

229 1017 297 1058 Vs.
325 1015 421 1058 421.
479 1016 658 1057 Rastros
688 1015 737 1055 ad
763 1013 993 1055 fodiendum
1005 1017 1060 1064 ⁷⁹)
1089 1014 1252 1056 scilicet.

230 1071 298 1113 Vs.
327 1070 423 1113 422.
486 1069 586 1110 Cum
615 1069 738 1109 semel
765 1069 984 1108 haeserunt
1013 1071 1144 1115 arve's,
1174 1070 1438 1124 negleguntur
1466 1071 1600 1122 oleae,
1632 1083 1721 1112 cum
1749 1071 1984 1113 valentiores
2014 1071 2171 1113 fuerint.
2191 1093 2246 1102 -—

102 1125 327 1171 Tulemmt,
356 1137 500 1179 passae
529 1132 632 1167 sunt.
688 1123 905 1176 Aut-osque
934 1123 1142 1170 tulerunt,
1173 1127 1275 1166 aeris
1305 1126 1533 1168 varietatem
1563 1127 1769 1167 sustinent.

228 1183 296 1223 Vs.
325 1180 420 1223 423.
479 1180 580 1233 Ipsa
609 1181 736 1224 sotis,
768 1185 942 1231 aratum,
971 1180 1168 1221 olivetum.
2206 1227 2212 1233 .

227 1238 295 1279 Vs.
323 1235 419 1278 424.
483 1237 659 1288 Sufficit
678 1234 907 1280 humorem,
938 1236 1029 1288 quia
1048 1235 1316 1280 subministrat
1335 1236 1555 1276 arboribus,
1578 1240 1638 1265 —'
1654 1234 1955 1288 Gravidas⁸⁷],
1986 1236 2242 1279 abundantes.

227 1293 295 1334 Vs.
324 1291 419 1333 425.
477 1291 700 1334 Nutritur,
734 1303 823 1331 cum
844 1291 949 1331 nutri
978 1290 1108 1330 dicere
1127 1290 1282 1342 debuit,
1312 1303 1384 1343 pro
1405 1291 1521 1332 activi
1539 1292 1768 1345 imperativo
1799 1293 2068 1345 passivum⁸²³)
2099 1292 2243 1345 posuit.

96 1345 296 1388 Nutritur
324 1360 396 1402 pro
424 1349 566 1398 nutrit,
597 1346 637 1386 id
665 1350 726 1385 est
754 1345 897 1386 humor
926 1345 989 1386 vel
1018 1350 1164 1396 pastor.

227 1403 296 1444 Vs.
325 1401 419 1444 427.
477 1401 539 1441 Et
569 1402 674 1453 uires
704 1399 880 1438 habuere
907 1403 1093 1450 suasffl),
1126 1401 1216 1453 quia
1244 1405 1380 1441 tenera
1409 1401 1578 1454 virgulta
1609 1402 1871 1443 validioribus
1892 1403 2090 1444 enituntur
2103 1398 2178 1450 ¹5⁰).

227 1459 295 1499 Vs.
326 1456 420 1498 429.
478 1456 569 1496 Nec
597 1457 900 1508 miuus,·quam
930 1466 1000 1507 ea,
1032 1467 1135 1508 quae
1163 1455 1358 1496 coluntur.
1378 1478 1435 1484 —
1473 1455 1603 1501 Feta,
1633 1458 1817 1508 utilitate,
1848 1469 1939 1498 nam
1967 1458 2112 1499 utilitas
2140 1457 2244 1498 fetus

94 1517 168 1555 est.
231 1512 470 1557 Gravescit,
500 1513 671 1553 virescit.
715 1557 721 1566 k

227 1569 295 1610 Vs.
324 1566 420 1609 430.
482 1566 734 1618 Sauyutneis
786 1563 950 1609 baccis,
997 1564 1210 1614 baccas⁹¹)
1259 1566 1496 1619 sanguineas
1536 1566 1749 1620 accipimus
1786 1579 1901 1619 poma
1940 1567 2147 1608 silvestria.
2187 1589 2243 1595 --

95 1621 293 1673 Aviaria,
332 1627 485 1665 secreta
514 1633 677 1662 nemora
705 1620 768 1661 vel
796 1620 887 1672 quia
915 1619 1035 1673 longe
1063 1633 1086 1661 a
1117 1622 1179 1662 via
1208 1620 1336 1673 posita
1364 1625 1456 1661 sunt
1485 1625 1524 1661 et
1550 1622 1717 1674 inculta,
1758 1627 1824 1664 aut
1852 1623 1942 1675 quia
1972 1634 2068 1664 aves
2097 1634 2167 1675 per
2197 1635 2244 1663 ea

93 1683 309 1775 pascursslslf
312 1709 419 1776 431.
484 1732 751 1776 Tondentur,
786 1732 827 1773 in
854 1743 972 1773 usum
1000 1732 1238 1785 pecoris⁹²).
1269 1755 1322 1762 --
1365 1730 1551 1786 cythi-⁹²⁸>
1590 1733 1802 1787 Vil'gunum
1832 1745 1854 1774 a
1885 1732 2076 1786 Cythom]
2115 1732 2243 1772 insum

94 1788 265 1839 dictum,
297 1790 350 1841 [in
380 1790 470 1842 qua]
503 1787 755 1836 abundatffl).

225 1845 293 1885 Vs.
322 1843 417 1886 434.
479 1843 662 1896 Sequar,
692 1841 980 1895 prosequar·id
1011 1845 1072 1882 est
1101 1843 1204 1882 enim
1233 1846 1386 1892 aerem3
1416 1842 1611 1887 humiles,
1641 1842 1923 1884 infructuosae.
1954 1866 2007 1870 --
2038 1840 2239 1881 Humiles.

93 1909 185 1940 nam
213 1899 546 1952 quemadmodum
577 1902 670 1937 sunt
695 1896 885 1946 humiles,
916 1898 974 1937 sic
1002 1897 1180 1938 umbram
1207 1899 1429 1949 pastoribus
1457 1897 1617 1939 faciunt.

229 1955 294 1996 Vs.
322 1953 418 1995 437.
484 1952 737 1995 Umlmztem,
777 1951 1051 1992 abundantem.
1079 1975 1133 1980 -
1178 1951 1408 1991 Umluntem
1437 1950 1575 1998 bux03
1604 1953 1734 1993 buxus
1764 1957 1882 1994 vento
1922 1956 2069 1994 motata
2107 1957 2240 1992 aestus

90 2010 265 2051 imitatur
293 2010 499 2051 undarum.
563 2006 784 2059 Cytorum,
817 2006 986 2059 Cytorus
1017 2018 1130 2047 mons
1160 2007 1199 2046 in
1228 2007 1351 2048 Ponto
1382 2007 1584 2048 abundans
1599 2011 1655 2055 ⁹⁵)
1685 2009 1724 2047 in
1750 2008 1868 2050 buxo.

227 2065 293 2105 Vs.
323 2062 417 2106 438.
477 2062 701 2108 Nariciae,
741 2074 764 2102 a
799 2061 890 2102 luco
930 2062 969 2101 in
996 2074 1074 2114 quo
1112 2061 1351 2110 abundat⁹⁶J
1394 2062 1485 2116 pix,
1524 2067 1567 2103 ut
1607 2063 1696 2104 alibi
1731 2064 1775 2102 in
1811 2061 1971 2102 Nar-ico
2009 2066 2241 2113 posueruut

91 2120 255 2159 moenia
284 2118 415 2158 Locri
427 2122 497 2168 ⁹⁷),

224 2175 291 2215 Vs.
320 2172 415 2215 439.
472 2171 654 2212 Nouulli
683 2170 870 2211 obnoxia
906 2184 1051 2216 curae,
1081 2170 1174 2211 nihil
1204 2171 1348 2212 laboris
1377 2172 1504 2212 nostri
1532 2171 1725 2215 debentia.

224 2230 290 2270 Vs.
321 2227 416 2270 440.
479 2227 712 2272 Caucasea,
745 2227 971 2278 Caucasus,
1002 2239 1115 2267 mons
1146 2226 1350 2279 Scythiae,
1381 2239 1453 2280 pro
1476 2228 1651 2280 quolibet
1677 2233 1833 2278 monte;
1863 2228 2037 2281 speciem
2066 2239 2137 2282 pro
2159 2241 2237 2281 ge-

91 2297 186 2326 nere
242 2285 357 2326 osuit.
1425 2321 1427 2324 ,

214 2297 291 2381 st.
321 2338 415 2381 441.
476 2337 689 2382 Animosi,
721 2338 933 2388 violentes,
963 2337 1081 2377 validi
1101 2337 1260 2391 spiritus
1280 2337 1467 2389 saevique
1477 2350 1489 2386 3
1520 2338 1663 2379 adlusit
1683 2339 1733 2380 ad
1760 2338 1922 2387 illud98)
1954 2342 1997 2380 ut
2025 2338 2072 2379 ab
2094 2338 2236 2389 anima,

90 2407 193 2449 quae
221 2395 359 2448 spiritu
389 2400 426 2435 et
456 2393 684 2436 alatitudine
714 2397 890 2444 constat,
921 2392 1120 2432 animosos
1152 2391 1298 2433 diceret
1326 2397 1478 2433 ventos.
1510 2415 1562 2424 -
1589 2392 1723 2438 Euri,
1753 2395 1869 2435 venti.

223 2451 289 2491 Vs.
320 2448 415 2490 444.
481 2448 666 2493 Tricere,
707 2453 938 2498 toi-navem,
972 2446 1202 2489 subauditur
1231 2452 1424 2499 pastores.
1458 2471 1508 2477 --
1564 2446 1804 2501 Tympana,
1833 2451 2010 2498 rotas⁹⁹J
2039 2448 2236 2504 ingentes.

96 2503 308 2559 Tympana
321 2508 357 2554 1)
391 2510 484 2545 sunt
512 2509 615 2544 tecta
644 2504 921 2558 plaustrorum.

223 2560 289 2611 Vs.
316 2559 411 2601 445.
468 2557 664 2603 Puuclas,
697 2559 859 2612 longas,
894 2561 1092 2599 extensas.

221 2616 289 2655 Vs.
318 2613 413 2656 447.
471 2613 624 2658 Boua,
654 2614 790 2663 fortis3
813 2608 862 2652 'ct
892 2611 1022 2657 bona,
1051 2611 1204 2663 he1102)
1236 2615 1324 2664 apta
1354 2616 1413 2651 est
1449 2613 1565 2654 etiam
1596 2625 1755 2656 cornus.

221 2669 288 2711 Vs,
318 2668 412 2711 448.
472 2668 681 2723 Ityraeos,
712 2668 904 2720 Persicos,
935 2668 998 2708 vel
1021 2667 1217 2720 Ityraeos,
1251 2666 1353 2719 ltyra
1374 2667 1509 2710 civitas
1531 2668 1681 2711 Cretae.
1705 2692 1754 2698 -—
1786 2667 1989 2722 Ityraeos,
2019 2668 2112 2721 Ityri
2132 2678 2238 2721 gens*

221 2840 273 2881 Π)
299 2827 426 2881 dicis.
472 2838 523 2880 78)
549 2838 806 2873 fodendam.
853 2837 906 2880 ²9)
931 2836 1189 2871 fodendum.
1237 2836 1291 2878 80)
1315 2835 1607 2880 inculti-agri.
1653 2837 1705 2879 81)
1730 2838 1857 2871 rusti.
1884 2838 2007 2870 rusti.
2054 2836 2106 2878 82)
2136 2838 2234 2871 ori-
2308 2851 2312 2853 ·

89 2886 201 2924 dior.
249 2889 301 2922 83)
337 2885 551 2919 Harundo.
597 2885 651 2925 84)
683 2885 924 2918 arbustam.
971 2884 1007 2916 In
1041 2885 1188 2926 margine
1212 2893 1231 2915 a
1255 2893 1354 2916 manu
1377 2883 1574 2925 adscriptum
1597 2884 1745 2928 antiqua:
1781 2893 1857 2916 nec
1889 2882 2046 2915 falcem
2078 2885 2231 2925 requi-

89 2937 209 2973 runt,
236 2941 321 2975 quae
342 2933 472 2966 varians
498 2931 595 2964 lectio
619 2941 695 2964 esse
721 2930 868 2971 videtur,
894 2931 938 2963 ita
963 2935 999 2962 ut
1023 2928 1230 2962 scribendum
1256 2930 1315 2962 sit:
1353 2939 1415 2962 nec
1430 2929 1550 2962 falcem
1574 2929 1704 2962 arbusta
1720 2930 1897 2973 requirunt.
1946 2928 1996 2969 85)
2021 2928 2231 2962 rodenda.

86 2977 141 3020 88)
164 2977 358 3011 fuerunt.
398 2977 452 3018 87)
479 2976 687 3021 grandas.
727 2976 780 3017 88)
805 2976 943 3020 passi.
985 2976 1038 3016 89)
1063 2974 1294 3008 habuerae
1317 2985 1406 3008 sua.
1445 2974 1498 3016 90)
1517 2976 1641 3009 eniti.
1674 2975 1725 3016 91)
1751 2975 1874 3007 bacis
1899 2973 2046 3007 bacas.
2085 2974 2134 3013 92)
2160 2985 2232 3017 pe-

87 3023 222 3057 toris.
268 3023 320 3064 93)
352 3022 519 3056 achito.
565 3022 617 3064 94)
643 3021 810 3055 dictum
844 3020 1088 3054 habundat.
1135 3020 1187 3062 95)
1212 3021 1489 3055 habundans.
1538 3021 1591 3063 96)
1614 3020 1853 3053 habundat.
1900 3017 2231 3062 ⁹⁷)Aen.111,39t›.

89 3068 286 3110 ⁹8)illut.
336 3069 387 3112 99)
412 3073 548 3103 totos.
597 3067 894 3112 otimphana.
942 3067 977 3110 2)
1000 3066 1133 3101 bella.
1920 3107 1946 3152 3
