2430 3177
1138 103 1199 152 19

1034 172 1299 189 Μ

227 237 293 278 νε.
323 233 391 278 63.
450 235 630 291 Phylea,
661 247 763 289 quae
793 234 955 276 Graecis
985 233 1343 287 melisphyllon³⁵)‚
1374 235 1465 288 quia
1491 235 1594 276 melli
1624 235 1749 276 amica
1781 239 1853 276 est.
1912 237 2108 287 VARRo³⁶]
2138 238 2238 279 hanc

90 292 253 335 herbam
284 292 486 344 apistrum
517 293 620 342 dicit,
662 292 752 343 quia
782 290 882 331 haec
911 290 1033 330 herba
1063 289 1200 342 apibus
1233 301 1338 331 cara.
1358 314 1414 319 —-
1439 289 1659 329 Cerintlme
1676 291 1775 332 haec
1792 290 1915 332 herba
1933 292 2037 332 melli
2055 294 2179 333 amica
2200 299 2239 333 et

88 347 227 401 apibus
247 360 338 389 cara
360 347 595 394 Cerintha³⁷J
615 346 806 400 appellata
825 345 873 385 ab
897 345 996 385 urbe
1016 344 1201 386 Cerintho
1221 345 1478 394 Euboeae.³³)
1501 344 1761 397 Jynobitew),
1784 347 1873 396 vile,
1891 346 2038 398 ubique
2052 359 2236 388 nascens.

223 403 291 443 Vs.
323 400 388 443 64.
453 403 611 453 Quate,
651 413 761 442 sona.
802 423 855 429 —-
895 399 1068 444 Matris,
1111 411 1182 451 pro
1222 401 1358 440 matris
1395 413 1584 453 magnae,
1627 401 1718 442 huic
1755 402 1882 442 simile
1910 405 1971 442 est
2001 403 2097 442 sorti
2129 407 2240 455 pater

88 469 252 510 aequos.
314 456 469 497 Matris
499 455 711 510 cymbala,
742 456 834 508 quia
860 455 900 496 in
929 455 1013 496 eius
1043 455 1235 506 tutelam]
1265 459 1379 506 sunt,
1420 456 1458 496 id
1490 460 1551 496 est
1581 468 1652 505 eo,
1684 457 1788 508 quod
1819 457 1958 498 similia
1988 461 2080 497 sunt
2105 457 2237 498 hemi-

90 513 239 566 cycliis,
271 513 412 566 quibus
443 513 676 565 cingiturss)
707 515 824 555 terra,
855 522 956 563 quae
985 515 1046 551 est
1073 514 1199 551 mater
1227 509 1403 551 deorum.
1461 509 1585 549 More
1614 523 1704 555 suo,
1734 512 2096 564 naturali-ratione,
2126 514 2238 554 cuius

89 578 211 610 causa
239 580 321 608 non
349 567 536 609 redditur.
1355 576 1358 577 ⁷

222 623 290 663 Vs.
321 620 388 664 68.
447 621 644 665 Incessit,
675 621 846 675 ingruit,
876 620 1041 670 invasit,
1073 624 1117 660 ut
1147 620 1237 660 alibi
1253 621 1332 671 ⁴²):
1362 620 1513 659 incessi
1541 632 1690 659 muros.

222 678 291 718 Vs.
321 675 386 718 69.
451 675 752 728 Trepidantia,
782 675 985 717 alacritate
1014 675 1214 729 pugnandi
1245 688 1323 717 non
1353 676 1507 716 timore.

222 733 289 772 Vs.
323 730 389 773 70.
447 730 687 775 Morantes,
719 730 831 772 tarde
858 731 1100 771 incedentes.

222 788 286 828 Vs.
319 786 385 829 72.
443 787 539 828 Inde
567 790 721 826 ENNIUS
759 787 798 826 in
827 786 912 826 VIII
943 787 1015 826 ait:
1054 784 1161 825 tibia
1192 784 1404 825 Musarum
1426 786 1586 838 panqit
1615 784 1751 824 melos.
1795 807 1847 814 --
1887 784 2089 830 Fractos,
2131 799 2234 828 con-

88 853 226 884 sonos.

222 898 289 938 Vs.
321 895 387 939 73.
451 895 675 950 Trepidae,
705 895 934 938 festinantes
963 896 1066 936 inter
1095 907 1140 935 se
1168 896 1207 936 in
1236 896 1471 936 alvearibus.
1517 894 1751 948 Pinnisque
1780 901 2017 942 coruscant,
2038 896 2235 950 quemad-

89 953 249 995 modum
277 954 420 993 milites
449 959 562 995 scuta
592 956 851 993 commovent.
882 974 936 981 -
971 949 1154 995 Coeunt,
1184 950 1382 992 festinant.

219 1009 286 1049 Vs.
317 1007 382 1049 74.
440 1006 688 1060 Aptantque
717 1006 923 1054 lacertos,
953 1011 1121 1048 venuste
1149 1011 1187 1047 et
1215 1006 1357 1048 ludens
1387 1006 1495 1047 dixit.

219 1063 285 1104 vs.
317 1062 382 1105 76.
448 1064 634 1110 Vocant,
662 1066 889 1114 provocant.
1655 1109 1660 1114 ι

223 1119 290 1159 νε.
320 1118 386 1160 77.
442 1118 628 1162 Nactae,
659 1117 797 1159 inebrii
826 1120 1006 1155 nanctae
1032 1127 1112 1156 non
1138 1119 1289 1157 nactae.
1321 1138 1374 1145 -—
1407 1114 1587 1160 Sudum,
1617 1114 1819 1167 liquidum,
1848 1127 1928 1157 non
1957 1117 2116 1169 proprie
2145 1118 2236 1170 epi-

90 1173 250 1225 theton,
279 1186 371 1214 nam
400 1174 490 1216 alibi
519 1174 573 1215 ait
607 1171 891 1223 umbriferum
931 1183 1116 1211 serenum
1154 1176 1284 1211 tamen
1322 1175 1413 1224 post
1449 1171 1624 1224 pluviaS,
1666 1170 1773 1223 quod
1810 1183 1940 1224 neque
1977 1172 2120 1213 sudum
2159 1177 2234 1223 est,

90 1241 221 1282 neque
249 1229 423 1280 siccum,
454 1234 499 1270 ut
525 1229 565 1268 in
594 1227 768 1278 vl11⁴³):
796 1239 874 1278 per
901 1227 1046 1266 sudum
1073 1225 1316 1275 rutilare44)
1347 1225 1503 1265 vident.

224 1285 292 1325 Vs.
324 1283 389 1326 78.
446 1284 622 1324 Aethere
650 1283 694 1321 in
725 1281 837 1329 alto,
866 1295 988 1335 puro,
1019 1293 1099 1322 non
1125 1281 1295 1321 nubibus
1325 1282 1528 1322 concluso.

222 1339 291 1380 Vs.
321 1338 387 1381 79.
446 1339 521 1379 Fit
550 1338 734 1383 sonitus,
764 1349 874 1378 more
901 1337 1140 1378 bellantium.
1169 1359 1224 1365 —
1254 1334 1304 1374 In
1333 1335 1481 1382 orbem,
1514 1336 1564 1378 ad
1592 1336 1770 1389 peritiam
1796 1335 1928 1377 retulit
1949 1347 2037 1378 *non
2057 1336 2107 1377 ad
2128 1337 2235 1377 mul-

90 1393 319 1445 titudinem,
349 1399 392 1435 ut
420 1395 459 1436 in
490 1395 625 1435 orbem
655 1393 796 1433 milites
824 1405 1002 1446 pugnare
1031 1392 1176 1433 dicunt.
2159 1426 2174 1430 ,,

224 1450 292 1490 νε.
321 1447 389 1492 80.
447 1448 797 1500 Praecipitesque
828 1447 1002 1491 cadunt,
1031 1448 1071 1487 in
1101 1448 1186 1489 aliis
1216 1447 1319 1488 enim
1347 1447 1462 1487 bellis
1491 1445 1583 1486 victi
1612 1451 1799 1498 pereunt,
1829 1447 1870 1486 in
1899 1446 2112 1489 certamine
2140 1458 2236 1488 vero

23 1495 26 1498 ⁴
91 1505 221 1558 apium
249 1505 365 1547 etiam
395 1505 565 1546 victores
592 1510 779 1557 pereunt,
811 1515 902 1543 nam
933 1502 1108 1543 dicturus
1140 1507 1220 1544 est:
1251 1502 1406 1542 animas
1436 1503 1479 1541 in
1508 1500 1675 1540 vulnere
1698 1505 1881 1554 ponunt.

224 1561 292 1601 Vs.
322 1558 389 1601 81.
451 1558 656 1602 Glandis,
685 1558 948 1599 nominativus
977 1557 1041 1598 hic
1070 1562 1143 1598 est.

223 1615 292 1656 Vs.
323 1613 390 1656 82.
447 1614 561 1667 Ipsi,
591 1614 722 1666 apium
750 1624 881 1667 reges.
1108 1629 1116 1634 ·

222 1671 291 1710 Vs.
317 1668 384 1712 83.
445 1669 640 1723 Inyentes
671 1669 828 1707 animos
858 1672 897 1709 et
925 1667 1038 1720 reliq.
1097 1667 1358 1717 SrArlus⁴⁵):
1388 1666 1520 1706 maior
1556 1666 1601 1704 in
1639 1665 1797 1719 exiyuo
1827 1664 2033 1718 reynabat
2060 1678 2238 1720 corpore

91 1726 233 1765 virtus.

225 1781 292 1821 Vs.
321 1778 388 1822 84.
454 1779 592 1833 Usque
621 1778 749 1830 adeo,
779 1790 852 1831 pro
882 1789 1011 1830 usque
1038 1789 1099 1819 eo.

224 1837 292 1877 Vs.
320 1833 388 1877 87..
446 1834 640 1875 Pulveris
669 1839 709 1875 et
735 1835 844 1886 reliq.
874 1834 966 1886 quia
994 1845 1084 1874 cum
1112 1832 1279 1874 viderint
1306 1833 1530 1887 pulverem,
1561 1836 1729 1885 sperant·
1748 1834 2105 1886 tempestatemw)‚
2136 1843 2239 1885 quae

91 1891 147 1932 eis
176 1891 386 1945 plurimum
413 1893 610 1939 nocet.⁴'¹)
642 1912 695 1919 —-
724 1889 767 1929 In
798 1888 1079 1937 Cornilianiw)
1110 1889 1342 1941 quiescent,
1371 1900 1451 1929 non
1480 1889 1700 1941 quiescunt.
1792 1896 1799 1900 ”

228 1947 295 1987 νε.
325 1944 392 1987 88.
450 1944 624 1990 Ambos,
655 1944 771 1986 ambo
799 1944 907 1985 iuxta
937 1944 1100 1984 ebrium.

225 2002 293 2042 Vs.
323 1999 391 2042 89.
449 1999 650 2040 Deterior
679 1999 752 2051 qui
782 1999 914 2044 visuS,
953 2010 1032 2039 non
1061 1998 1175 2049 dicit,
1216 2009 1332 2050 quem
1361 1997 1540 2051 putabis,
1577 2001 1644 2038 aut
1673 1997 1744 2049 qui
1773 1996 1991 2047 videbitur,
2023 1995 2093 2037 sed
2121 2008 2237 2049 quem

90 2056 236 2099 sideris
265 2056 304 2096 id
331 2061 393 2096 est
421 2068 538 2108 quem
568 2055 761 2108 adspicies
791 2053 1040 2104 deteriorem,
1072 2066 1122 2094 ex
1151 2053 1240 2095 visu
1268 2054 1370 2094 enim
1386 2053 1635 2105 intellegitur.
1666 2056 1850 2092 Iummus
1872 2052 1975 2093 dicit.
2005 2050 2235 2104 Procliqus,

92 2113 159 2164 qui
190 2124 262 2152 sua
293 2112 511 2159 consumit,
541 2110 765 2164 prodigiw)
797 2110 901 2150 enim
931 2109 1134 2160 dicuntur,
1165 2109 1232 2161 qui
1261 2120 1333 2149 sua
1364 2111 1669 2157 consumunt⁵⁰)
1701 2109 1814 2160 quasi
1841 2119 1960 2161 porro
1990 2112 2124 2161 agunt.
2163 2107 2234 2146 Iv-

92 2179 232 2207 umus
263 2165 368 2207 dicit.
397 2189 453 2195 —
481 2164 693 2205 Deterior.
753 2164 938 2205 Deterior
973 2165 1157 2214 meliore,
1198 2164 1289 2216 quia
1327 2176 1470 2217 pecora
1509 2164 1611 2204 mala
1643 2163 1838 2204 deteriora
1869 2162 2064 2203 dicuntur.
2123 2163 2234 2202 Gau-

93 2234 268 2262 nmwrms
298 2221 402 2263 dicit.
434 2244 488 2251 -
517 2219 759 2273 Prodiyus,
791 2231 869 2260 non
899 2219 1013 2260 mella
1044 2219 1255 2260 conficiens
1285 2219 1356 2259 sed
1385 2230 1636 2259 consumens.
1695 2218 1960 2258 GAuanms
1991 2217 2095 2257 dicit.

225 2278 292 2317 Vs.
325 2274 390 2317 90.
449 2274 589 2327 Dede,
629 2275 680 2317 da
716 2275 816 2315 neci.
883 2274 976 2315 Ideo
1015 2280 1144 2315 autem
1182 2286 1319 2328 regem
1356 2274 1485 2314 solum
1523 2274 1711 2327 praecipit
1747 2272 2027 2323 occidendum,
2068 2272 2157 2324 quia
2187 2283 2236 2313 eo

93 2332 242 2374 omisso
271 2344 367 2373 suus
398 2331 608 2384 dissipatur
637 2331 856 2380 exercitus,
885 2342 976 2370 nam
1005 2322 1052 2368 ut
1081 2328 1202 2368 binae
1229 2342 1371 2381 reyum
1398 2329 1532 2380 facies
1562 2329 1623 2368 ita
1649 2341 1829 2380 corpora
1847 2326 1995 2378 plebis.
2018 2350 2067 2356 --
2096 2326 2237 2366 Vacua

92 2387 133 2428 id
161 2392 222 2428 est
250 2388 412 2437 ceteris,
444 2388 660 2429 velvacua
688 2385 736 2427 ab
766 2386 889 2426 altero
917 2397 997 2425 non
1029 2389 1153 2434 tacta3
1183 2384 1276 2437 quid
1307 2385 1409 2424 enim
1438 2384 1683 2438 proderatsi
1715 2383 1823 2423 solus
1854 2384 1940 2423 sine
1975 2383 2115 2423 ceteris
2144 2381 2235 2435 api-

93 2443 168 2483 bus
198 2446 319 2493 esset,
351 2443 413 2483 vel
441 2447 548 2483 certe
576 2442 654 2482 tale
683 2445 763 2491 est,
794 2441 909 2493 quale
936 2440 1053 2482 illud:
1083 2441 1167 2481 sola
1195 2442 1234 2480 in
1265 2439 1383 2480 domo
1413 2444 1563 2479 moeret
1590 2451 1734 2486 vacua,
1766 2450 1856 2478 nam
1886 2449 2002 2479 unam
2030 2437 2162 2478 refert.

228 2498 295 2537 Vs.
325 2495 390 2538 91.
448 2494 570 2535 Alter
605 2497 685 2535 erit
724 2507 944 2549 generosus
982 2495 1154 2534 maculis
1192 2508 1293 2534 auro
1332 2492 1616 2547 squalentibus
1657 2493 1814 2532 ardens.
1889 2493 2238 2544 Quotienscunque

94 2552 278 2605 Virgilius
317 2565 400 2592 rem
439 2552 640 2606 pulchram
678 2551 762 2591 vult
800 2551 1030 2601 ostendere,
1071 2550 1272 2591 ardentem
1312 2549 1428 2598 dicit,
1470 2551 1579 2598 ut⁵¹)
1627 2547 1834 2601 Tyrioque
1874 2546 2052 2591 ardebat,
2084 2547 2238 2585 murice

95 2606 240 2650 laena,
278 2606 503 2647 horribilem
532 2619 628 2647 vero
657 2606 927 2658 squalentem,
970 2610 1014 2646 ut
1027 2606 1086 2657 52)
1124 2618 1272 2658 yerens
1310 2603 1566 2657 squalentem
1609 2602 1786 2643 barbam.
1828 2627 1882 2633 —-
1925 2601 2234 2655 Squaleraetibus,

94 2662 356 2712 notabilibus,
386 2660 558 2715 asperiS,
589 2660 896 2714 splendentibus.
1881 2663 1886 2671 ¹

230 2717 296 2757 νε.
327 2715 394 2758 92.
451 2715 561 2755 Nam
589 2717 674 2755 duo
703 2721 799 2755 sunt
827 2728 1004 2768 ymera,
1030 2727 1169 2770 regum
1198 2714 1291 2756 dicit
1319 2714 1590 2756 differentiam.

227 2772 294 2812 νε.
326 2769 391 2813 93.
451 2771 684 2815 Horridus,
714 2773 951 2813 teterrimus.

227 2926 280 2968 35)
315 2925 606 2970 melliphilon.
653 2926 705 2968 36)
738 2926 780 2960 de
810 2937 846 2960 re
877 2931 957 2960 rust.
981 2924 1045 2967 111,
1075 2922 1129 2959 16.
1196 2925 1248 2966 37)
1280 2923 1511 2957 cerinthas.
1569 2922 1621 2963 38)
1665 2920 1858 2955 euboiae.
1917 2918 1969 2960 39)
2003 2917 2236 2961 ignobolie.

13 2962 22 2967 ³
97 2972 150 3014 4ο)
174 2971 343 3006 tutella.
391 2972 443 3014 41)
470 2971 685 3015 ernycycli
708 2973 777 3016 qui
802 2973 1061 3017 ingingitur.
1108 2971 1160 3013 42)
1185 2970 1267 3005 Aen.
1294 2970 1370 3012 XII,
1393 2967 1472 3004 596.
1518 2969 1569 3011 43)
1594 2968 1678 3002 Aen.
1705 2966 1792 3007 VIII,
1824 2962 1903 2999 529.
1951 2964 2003 3005 44)
2027 2963 2238 2997 rutulare.

98 3018 150 3060 45)
176 3018 211 3052 In
235 3018 309 3052 cod.
343 3018 496 3051 satius.
521 3017 565 3051 cf.
589 3017 690 3051 Theb.
714 3017 739 3059 1,
764 3016 844 3052 417.
891 3019 943 3060 46)
968 3023 1215 3062 sperantem
1248 3021 1421 3060 pestem.
1468 3015 1520 3057 4¹1)
1547 3025 1587 3060 q3
1622 3016 1669 3048 eis
1695 3012 1718 3059 ᾗ
1742 3011 1907 3046 uident.
1954 3010 2010 3051 48)
2026 3009 2069 3043 cf.
2095 3009 2133 3044 V.
2158 3007 2237 3044 120.

99 3064 152 3105 49)
176 3064 390 3109 prodigui.
438 3063 490 3105 5⁰)
517 3069 790 3098 consument.
823 3063 877 3107 51)
901 3064 986 3098 Aen.
1010 3063 1065 3107 IV,
1089 3061 1169 3098 262.
1216 3065 1268 3105 52)
1294 3062 1376 3096 Aen.
1400 3061 1439 3105 11,
1463 3059 1546 3096 277.
1919 3098 1972 3143 3*
