2430 3177
1272 22 1294 35 O

1034 174 1298 191 Μ

226 239 292 280 νε.
322 236 416 279 477.
475 237 706 282 Pallantia,
735 241 778 277 ut
806 236 1009 277 Lucretius
1038 237 1103 284 ait,
1134 235 1317 287 pallidum
1338 236 1550 277 Homerum
1579 235 1627 277 ad
1646 236 1814 277 Ennium
1829 236 1988 277 venisse
2016 241 2055 276 et
2082 237 2232 289 loquu-

91 299 174 336 tum
202 294 256 335 illi
285 293 523 334 hexametris
553 298 666 333 antea
697 293 831 333 Latina
861 292 993 344 lingua
1022 291 1217 332 inauditis.

225 349 291 388 Vs.
320 347 414 389 478.
450 398 453 399 ⁷
478 347 563 387 Sub
594 347 808 386 obscurum
836 347 996 390 noctis,
1028 349 1147 398 auget
1175 349 1367 386 terrorem
1399 350 1552 398 tempus
1582 350 1830 387 nocturnum.

223 404 289 444 Vs.
319 402 413 445 479.
474 403 706 454 Infandum,
741 407 807 441 aut
837 402 925 452 quia
948 402 1133 452 loquutae
1163 405 1255 440 sunt
1284 400 1498 450 infandum,
1529 406 1596 441 aut
1624 401 1663 441 id
1683 401 1789 453 quod
1809 401 2005 451 dixerunt,
2034 399 2237 441 infandum

89 459 174 501 ruit.
203 481 259 489 —
288 457 435 497 Manes
465 459 502 498 id
534 463 594 497 est
624 470 759 495 amnes
788 469 867 496 non
896 456 966 504 dii;
998 455 1232 500 dehiscunt,
1263 456 1504 508 aperiuntur.

223 514 289 554 Vs.
320 511 414 554 480.
472 511 590 551 Ebur
619 524 797 564 aeraque
826 511 980 550 sudant
1018 512 1042 550 i.
1074 523 1107 550 e.
1140 509 1288 551 eburna
1331 514 1370 550 et
1398 523 1519 551 aenea
1551 510 1760 551 simulacra
1790 511 1954 562 sudant,
1985 511 2236 563 metonymia,

92 569 206 623 signa
237 569 382 608 laboris
411 567 541 609 futuri.
764 578 766 582 ·

223 625 289 664 νε.
319 621 413 663 481.
472 622 638 666 Insmw,
671 634 829 675 magno,
859 621 891 660 si
921 633 1039 674 supra
1072 620 1232 660 modum
1262 624 1415 660 crescat
1444 619 1628 661 damnum
1658 620 1816 661 indicat.

229 679 296 718 Vs.
325 677 418 718 482.
477 676 717 715 Flaci'orum
746 689 824 714 rea:
853 675 1090 720 Eridwm,
1132 688 1203 714 rex
1234 676 1316 714 sive
1346 675 1451 727 quod
1482 676 1518 714 in
1551 688 1638 714 eum
1669 675 1827 715 flumina
1856 676 1976 717 inulta
2013 676 2157 715 intrant
2187 687 2237 715 ex

89 733 266 786 Alpibus,
298 733 361 772 vel
388 732 492 784 quod
523 733 611 771 eius
637 732 889 772 simulacrum
918 732 956 770 in
981 731 1090 770 caelo
1111 731 1161 770 sit
1188 735 1411 782 receptum,
1444 730 1510 769 ubi
1531 731 1630 769 enim
1649 731 1840 770 Eridanus
1861 733 1921 779 sit,
1955 731 2063 770 multi
2095 734 2236 770 errant.

88 788 284 830 Eusebius
307 791 363 835 ⁹⁹)
395 790 522 839 ipsum
553 799 642 826 esse
671 786 900 826 Rhodanum
933 791 1093 838 propter
1113 785 1417 838 magnitudinem
1449 790 1487 824 et
1516 797 1672 825 cursum
1703 786 2005 837 rapidissimum,
2039 784 2236 833 Ctesias1)

88 844 195 884 hunc
225 844 264 882 in
294 842 400 882 India
432 854 521 882 esse
552 842 739 889 affirmat,
771 841 832 880 vel
863 840 1066 880 Choerilus
1089 843 1127 888 ²)
1158 841 1197 880 in
1228 840 1447 890 Germania,
1478 841 1515 879 in
1537 852 1615 892 quo
1638 841 1754 880 fluvio
1776 841 1991 888 Phaetonss)
2023 841 2239 880 exstinctus
2267 849 2272 854 ·

88 903 171 948 est,
202 898 266 937 vel
295 897 364 937 Ion
393 898 432 936 in
460 897 632 945 Achaia,
674 896 744 936 sed
774 897 958 949 Virgilius
985 896 1130 935 Padum
1162 895 1275 942 dicit,
1310 896 1421 936 cuius
1452 895 1654 937 inundatio
1694 897 1744 934 sit
1774 895 2023 948 prodigiosa3
2066 895 2131 935 vel
2165 907 2238 934 rex

91 953 196 1005 quod
230 952 332 1004 apud
362 952 509 992 inferos
540 952 717 995 habetur,
748 956 791 991 ut
819 952 858 990 in
887 956 1001 991 sexto
1028 950 1233 1002 plurimus
1253 948 1468 989 Eridanus
1483 963 1564 1001 per
1583 950 1733 989 undam
1756 949 1937 989 volvitur
1957 951 2099 990 anneis.
2141 948 2237 988 Rea:

84 1008 303 1061 fluviorum
334 1007 372 1046 id
405 1012 465 1047 est
494 1019 564 1056 per
593 1007 754 1055 ltaliam,
786 1007 847 1045 vel
877 1011 983 1046 certe
1012 1019 1082 1059 per
1112 1011 1236 1046 totum
1269 1005 1417 1046 orbem.

221 1063 288 1102 Vs.
319 1061 413 1102 484.
479 1060 700 1105 Tristibus,
733 1061 925 1101 tristitiam
957 1061 1209 1101 merentibus.

221 1118 288 1156 Vs.
320 1116 412 1158 485.
477 1115 610 1154 Crum-
640 1116 825 1154 cessavit.
895 1115 1003 1155 Ordo
1034 1120 1114 1155 est:
1144 1128 1217 1156 nec
1247 1127 1365 1156 cruor
1394 1115 1574 1156 cessavit.
1643 1114 1705 1154 Et
1734 1114 1820 1154 alte
1849 1115 2060 1168 sinlimpsis
2090 1119 2166 1166 est,
2194 1118 2240 1154 ut
2269 1136 2272 1139 -

89 1173 180 1214 alibi
209 1172 282 1211 det
309 1176 442 1210 motus
473 1172 777 1223 inconpositos.

221 1228 288 1267 Vs.
319 1225 412 1268 486.
473 1226 686 1265 Resonare
718 1226 830 1277 lupis
858 1224 1116 1264 ululantibus
1145 1223 1280 1277 urbes,
1310 1224 1360 1265 ad
1388 1236 1485 1281 quas
1515 1225 1616 1278 lupis
1646 1238 1726 1266 non
1757 1229 1865 1279 esset
1894 1236 2094 1266 accessus.

219 1283 286 1323 Vs.
316 1281 410 1323 487.
473 1281 668 1333 Sinistra,
701 1282 860 1322 sinistro
879 1279 940 1330 ἦ),
973 1292 1129 1320 sereno.

222 1338 288 1377 Vs.
318 1335 412 1378 488.
478 1335 690 1381 Comatae,
730 1336 840 1376 stella
870 1336 1070 1388 lugubris,
1112 1347 1213 1387 quae
1250 1335 1356 1376 velut
1386 1347 1539 1383 comam
1579 1336 1734 1376 luminis
1774 1348 1823 1376 ex
1852 1347 1897 1376 se
1932 1333 2072 1375 fundit.
2129 1333 2235 1375 Haeo

89 1393 182 1435 dum
211 1393 294 1433 visa
324 1392 453 1442 fuerit,
485 1393 635 1445 imperii
668 1392 920 1431 mutationem
952 1390 1155 1436 significat.
1835 1407 1838 1410 ·

223 1449 291 1487 Vs.
321 1445 414 1488 489.
473 1446 593 1499 Eryo
627 1448 734 1485 inter
761 1458 847 1484 sese
873 1444 1062 1496 paribus,
1093 1445 1276 1486 Lucanus
1306 1457 1422 1498 pares
1453 1446 1618 1498 aquilae.

222 1503 289 1543 Vs.
320 1501 414 1542 490.
473 1501 647 1545 Iterum,
689 1502 778 1553 quia
809 1501 972 1553 primum
1009 1501 1058 1540 ibi
1090 1513 1111 1540 a
1141 1501 1323 1552 Pompeio
1364 1506 1402 1541 et
1431 1501 1621 1550 Caesare,
1661 1505 1797 1551 postea
1829 1514 1850 1541 a
1878 1500 1998 1540 Bruto
2029 1505 2067 1540 et
2098 1498 2234 1539 Cassio

90 1562 227 1600 contra
256 1557 467 1598 Antonium
499 1563 537 1597 et
566 1557 771 1597 Octavium
809 1560 1022 1609 pugnatum
1063 1561 1131 1596 est.
1191 1554 1393 1608 Philippa·
1412 1560 1450 1604 ⁴)
1491 1557 1614 1608 campi
1645 1555 1917 1605 Macedoniae,
1955 1556 2016 1594 vel
2052 1554 2118 1593 ubi
2147 1554 2233 1594 Ro-

88 1614 194 1655 mani
223 1614 347 1667 primo
377 1614 466 1653 victi
497 1617 589 1652 sunt
619 1625 638 1651 a
670 1612 841 1664 Philippo
871 1623 978 1663 rege.
1008 1632 1061 1638 —
1091 1608 1293 1662 Philippi
1323 1612 1459 1651 civitas
1491 1611 1729 1659 Thessaliae,
1760 1611 1798 1649 in
1830 1622 1906 1661 qua
1934 1610 2058 1662 primo
2090 1609 2235 1648 Caesar

90 1673 130 1710 et
157 1668 376 1720 Pompeius,
409 1670 546 1720 postea
576 1666 780 1718 Augustus
813 1670 850 1705 et
879 1665 1020 1705 Brutus
1052 1665 1346 1706 dimicaverunt.
1404 1664 1607 1717 Philippi
1634 1666 1728 1706 urbs
1759 1670 1797 1704 et
1826 1666 1951 1718 campi
1970 1664 2232 1705 Macedoniae.

222 1724 290 1763 Vs.
320 1721 414 1765 491.
472 1721 564 1761 Nec
590 1722 678 1772 fuit
708 1726 747 1761 et
774 1721 937 1773 reliqua,
970 1721 1081 1771 quasi
1112 1721 1342 1761 exclamatio
1372 1721 1420 1762 ad
1450 1721 1559 1764 deos.
1592 1744 1643 1748 —
1674 1718 1847 1764 Nostra,
1879 1720 2066 1760 Romano.

223 1779 290 1818 Vs.
321 1777 415 1819 492.
474 1776 722 1820 Emathiam,
754 1788 865 1816 mons
876 1788 888 1825 3
919 1775 1135 1815 Emathiam
1167 1776 1214 1815 ab
1246 1776 1476 1816 Emathione
1505 1776 1608 1817 Iovis
1641 1780 1681 1815 et
1708 1776 1888 1816 Electrae
1916 1775 1995 1816 filio
2024 1785 2114 1826 pars
2143 1773 2232 1814 Ma-

90 1832 282 1875 cedoniae
314 1839 353 1874 et
382 1833 609 1873 Thessaliae
639 1832 857 1872 continens.
887 1853 941 1860 —-
969 1829 1132 1872 Haemi,
1164 1843 1275 1871 mons
1305 1831 1558 1871 Macedoniae
1578 1831 1630 1878 θ),

222 1889 290 1929 νε.
322 1886 416 1929 495.
476 1887 631 1931 Eme-sa,
663 1891 906 1938 consumpta.
939 1908 990 1914 —
1025 1883 1197 1930 Scabra,
1226 1886 1316 1927 inde
1345 1886 1511 1926 scabies.
1571 1884 1792 1936 Rich-igine,
1821 1885 1967 1934 rubigo
1991 1885 2128 1926 vitium
2156 1896 2230 1925 ro-

91 1944 189 1985 dens
219 1944 365 1984 ferrum
396 1944 459 1984 vel
488 1947 660 1996 segetes.
1738 1991 1741 1993 Β
2183 1938 2186 1942 ”

222 1999 288 2038 νε.
318 1996 413 2039 496.
472 1997 632 2039 Inanes,
665 2006 824 2045 vacuas,
857 1999 949 2036 tunc
975 1996 1111 2035 inanes
1140 1999 1231 2035 sunt
1259 1995 1419 2049 galeae,
1450 1996 1633 2048 quoniam
1663 2007 1743 2036 non
1775 2000 1911 2048 tegunt
1941 1995 2081 2048 capita,
2112 1999 2154 2035 ut
2181 1994 2233 2034 ibi

89 2053 251 2106 yaleam
283 2058 379 2092 ante
405 2053 534 2105 pedes
560 2051 746 2102 proiecit
775 2050 933 2088 inanem
963 2048 1178 2088 Ascanius.

224 2109 290 2148 Vs.
321 2107 414 2151 497,
479 2106 688 2149 Grandia,
728 2106 829 2145 bene
859 2106 1021 2159 grandia
1052 2117 1160 2154 esse,
1192 2109 1234 2145 ut
1261 2104 1492 2159 grandiores
1523 2106 1628 2146 viros
1657 2105 1782 2146 fuisse
1811 2105 2004 2155 ostendat,
2036 2104 2138 2144 sicut
2166 2104 2230 2155 ibi,

94 2163 237 2217 qualia
264 2176 373 2202 nunc
402 2163 606 2202 hominum
634 2160 838 2211 producit
868 2173 1049 2211 corpora
1079 2159 1215 2199 tellas.

223 2219 289 2258 νε.
318 2216 412 2259 498.
470 2216 549 2255 Dii
576 2216 722 2267 patrii,
755 2216 819 2267 qui
850 2219 1036 2267 praesunt
1065 2215 1229 2268 singulis
1259 2214 1491 2267 civitatibuS,
1522 2221 1565 2257 ut
1593 2216 1764 2257 Minerva
1794 2215 1973 2263 Athenis,
2002 2214 2097 2255 luno
2129 2212 2231 2253 Car-

89 2274 253 2327 thagini.
313 2272 526 2325 Iridiyetes
546 2275 585 2319 ⁶)
617 2284 638 2311 a
671 2271 837 2321 Latinis,
880 2272 946 2322 qui
976 2285 997 2311 a
1030 2269 1189 2309 Graecis
1220 2269 1392 2310 enchorii
1413 2274 1450 2320 ⁷)
1491 2271 1691 2319 dicuntum
1731 2271 1793 2310 alii
1824 2271 1978 2319 dicunt,
2010 2282 2059 2309 ex
2089 2268 2231 2319 quibus

88 2328 282 2382 Nigidius,
313 2340 450 2369 omnes
481 2328 577 2368 deos
609 2325 801 2379 indigetes
832 2325 1114 2378 cognominari,
1146 2325 1235 2375 quia
1264 2326 1406 2367 nullius
1436 2326 1633 2380 indigent,
1665 2327 1728 2365 alii
1757 2324 1948 2378 indigetes
1979 2326 2134 2377 proprie
2163 2324 2230 2363 in-

90 2387 364 2436 terpretantur,
396 2395 561 2435 quorum
590 2382 744 2433 propria
773 2383 928 2421 nomina
959 2382 1200 2432 ignorantur.
1224 2402 1278 2408 —
1307 2380 1382 2421 Alii
1412 2381 1604 2434 indigetes
1634 2381 1789 2434 proprie
1819 2385 1909 2419 sunt
1938 2380 1989 2419 dii
2018 2392 2067 2420 ex
2096 2379 2231 2419 homi-

89 2440 204 2479 nibus
234 2438 348 2488 faeti,
387 2438 499 2490 quasi
528 2438 566 2476 in
598 2436 670 2476 diis
701 2441 863 2488 agentes
894 2436 1056 2478 abusive
1093 2439 1134 2474 ut
1164 2434 1318 2474 Aeneas
1353 2441 1397 2475 *et
1425 2436 1626 2477 Romulus.
1667 2457 1719 2464 —
1769 2434 1971 2486 Vestaque
2000 2439 2150 2486 macer,
2188 2437 2232 2474 ut

89 2493 265 2548 physici,
295 2498 398 2534 terra
428 2498 500 2533 est.
561 2491 639 2531 Cur
669 2504 690 2531 a
722 2491 840 2531 Vesta
870 2490 1037 2530 Tiberim
1069 2494 1107 2528 et
1134 2489 1296 2529 Romam
1326 2492 1476 2531 servari
1507 2491 1620 2541 dicit,
1652 2503 1739 2530 cum
1768 2491 1860 2530 urbs
1890 2491 2064 2530 Romana
2092 2492 2131 2531 in
2161 2494 2230 2530 tu-

89 2549 212 2599 tela⁸)
245 2549 295 2588 sit
314 2548 478 2588 Martis?
528 2547 585 2586 Ne
614 2546 747 2586 hostes
779 2546 937 2595 scirent,
968 2545 1030 2585 cui
1052 2544 1126 2584 deo
1147 2544 1310 2585 Romani
1330 2549 1367 2593 ⁹)
1400 2547 1611 2596 servirent,
1643 2547 1732 2597 quia
1764 2558 1898 2585 verum
1929 2557 2094 2595 nomen,
2126 2544 2230 2596 quod

90 2604 175 2643 urbi
197 2599 279 2697 Iest,
309 2615 511 2644 sacrorum
539 2602 629 2655 lege
665 2600 901 2654 prohibitum
931 2605 991 2640 est
1019 2601 1146 2650 scire,
1185 2600 1290 2653 quod
1328 2612 1448 2641 ausus
1487 2600 1644 2653 quidam
1684 2600 1860 2641 tribunus
1899 2600 2022 2654 plebis
2051 2601 2230 2641 nuntiare

90 2659 298 2700 cruciixus
333 2663 405 2698 est.

223 2712 289 2751 Vs.
317 2711 411 2753 500.
469 2711 595 2750 Hunc
623 2709 862 2765 Augustum.
893 2737 944 2743 -
975 2708 1181 2754 Iuvenem,
1220 2709 1321 2751 bene
1357 2710 1562 2762 iuvenem,
1600 2715 1643 2752 ut
1681 2710 1864 2752 ostendat
1898 2711 2022 2761 clare,
2060 2708 2125 2762 qui
2154 2708 2229 2750 hac

92 2767 248 2819 [aetate]
278 2772 426 2808 tantum
455 2768 579 2820 possit
599 2769 669 2814 ¹⁰).

182 2944 230 2985 99)
252 2942 290 2976 In
313 2942 405 2976 cod.:
434 2941 604 2983 euseb3.
641 2941 674 2984 1)
698 2940 894 2976 Thesias.
938 2942 973 2984 ²)
999 2942 1254 2976 choerulus.
1301 2941 1336 2984 3)
1360 2941 1493 2976 feton.
1540 2941 1576 2985 ⁶)
1604 2941 1689 2977 Cod.
1715 2942 1784 2976 bis:
1809 2941 2013 2974 sinostro.
2061 2940 2105 2982 ⁴)
2131 2938 2229 2983 phi-

91 2989 227 3034 lippis
253 2993 294 3023 et
319 2990 431 3032 capi.
479 2988 513 3029 5)
538 2998 658 3021 mons
681 2987 912 3023 codoniae.
958 2989 992 3029 8)
1016 2988 1245 3033 indignes.
1291 2988 1326 3031 ¹1)
1351 2987 1540 3022 eunichi.
1586 2989 1623 3031 8)
1649 2987 1822 3022 tutella.
1881 2988 1921 3029 9)
1939 2996 2055 3019 roma
2078 2987 2228 3020 inser-

89 3037 248 3070 virent.
294 3034 346 3078 ιο)
370 3033 563 3069 ostenda
586 3033 694 3068 darii
716 3034 821 3078 quia
845 3032 923 3068 hac
947 3038 1122 3068 tantum.
