2430 3177
1091 50 1201 118 *11

106 202 284 252 cervisa,
323 205 363 242 et
397 211 648 254 consequens
687 204 749 241 est
777 199 883 254 quod
914 199 1028 251 dicit,
1069 204 1112 241 ut
1137 198 1270 239 vinum
1308 213 1380 254 per
1406 205 1586 244 naturam
1617 202 1784 243 calidum
1812 204 1851 243 in
1880 203 2079 256 provincia
2108 196 2250 259 friqida

104 269 184 299 non
240 257 339 297 ossit
367 257 504 297 creari.
611 267 615 271 “

213 269 304 351 st.
334 308 427 352 381.
485 310 778 365 Hyperboreo,
808 314 941 350 monte
970 309 1156 362 Scythico
1166 321 1179 358 3
1209 308 1508 361 Hyperboreo,
1540 311 1803 365 Septentrioni
1832 312 2008 353 subiecta
2035 313 2248 365 Hyperbo-

106 378 176 408 rea
203 367 315 419 regio
345 371 427 416 est,
460 378 561 418 quae
590 366 716 419 posita
745 365 818 404 sub
847 364 963 404 huius
994 365 1134 404 sideris
1162 369 1284 417 parte.
1313 388 1366 392 —
1390 364 1713 417 Septentrioni,
1751 367 2064 420 Septentrionem
2094 367 2249 420 quidam

107 422 246 467 vinctis
276 421 404 462 bobus
432 421 573 462 dictam
603 424 840 474 putaverunt
850 433 862 469 3
897 420 1047 460 triones
1080 423 1211 460 autem
1241 419 1289 459 ab
1320 420 1448 461 eundo
1479 421 1542 460 vel
1570 421 1717 461 arando
1745 422 1868 463 boves
1898 427 2089 463 vocarunt
2116 424 2251 464 rustici

107 490 130 518 a
161 475 324 516 terendo
354 481 522 524 terram,
553 487 682 527 neque
714 474 787 515 alia
818 486 936 516 causa
964 474 1068 515 idem
1097 474 1207 515 sidus
1239 474 1377 515 Graeci
1408 473 1651 528 ἅμαξανῠ)
1681 476 1882 528 dixerunt,
1913 488 1988 518 nos
2017 477 2249 531 plaustrum,

107 530 277 582 denique
305 531 445 571 bootes
475 531 588 582 quasi
617 534 883 570 consentaneo
916 531 1086 570 nomine.

240 586 305 625 Vs.
334 583 428 626 382.
488 584 748 635 Rhipaeow)
787 584 983 635 Scythico.
1048 583 1209 637 Rhipaei
1247 588 1400 624 montes
1432 585 1470 624 in
1507 585 1666 638 Scythia
1705 586 1883 638 appellati
1921 591 2014 628 sunt
2047 583 2139 626 α’πὸ
2172 586 2251 625 τοῦ

109 637 362 692 placatam).
419 640 628 691 Perperam
658 644 788 679 autem
819 638 992 690 Rlztpao
1024 652 1121 677 euro
1153 638 1262 690 dixit,
1296 651 1386 679 cum
1416 641 1546 691 aquilo
1577 640 1670 681 flatu
1696 652 1769 682 suo
1800 642 1884 693 ipsa
1912 642 1999 683 loca
2028 641 2247 691 conturbet,

107 706 187 735 non
216 706 358 740 eurus..
388 695 454 745 qui
483 694 531 733 ab
561 699 650 734 ortu
680 695 797 734 venit.
856 694 1039 734 nmmos
1072 693 1174 734 dicit.
1205 717 1257 722 ——
1286 693 1431 739 Euro,
1463 700 1592 735 vento.
2149 705 2156 711 ·

242 749 308 789 Vs.
338 747 431 792 383.
491 747 648 795 Fulvis,
678 754 810 789 vestes
841 749 890 788 de
918 750 1104 802 pellibus,
1137 761 1239 801 quae
1267 754 1459 790 vocantur
1488 763 1682 797 senones,
1713 756 1755 792 ut
1780 754 2012 791 SALUS'HUS
2033 750 2136 800 dicit,
2158 750 2248 802 quia

104 803 299 855 pecudum
329 803 380 844 de
408 803 571 857 p‘ellibus
599 803 747 844 faciunt
774 816 943 857 gunnas,
975 804 1116 857 quibus
1145 804 1367 845 vestiuntur
1396 816 1534 845 omnes
1562 805 1731 856 barbari,
1760 806 1799 846 id
1816 812 1876 847 est
1895 808 2025 847 ovium
2047 810 2084 845 et
2103 817 2248 859 capra-

103 870 191 899 rum
220 859 480 912 luporumque
509 858 672 911 pellibus
705 863 874 899 utuntur.

240 914 306 953 Vs.
337 911 431 954 384.
490 911 725 956 Lanatum,
755 913 854 954 haec
883 914 993 964 lana,
1024 914 1101 954 hoc
1123 913 1321 963 lanitium,
1354 919 1396 954 ut
1426 914 1544 967 fuga,
1575 914 1741 969 fugium.
2048 963 2051 965 ,

240 969 305 1008 Vs.
335 966 429 1009 385.
488 965 745 1020 Lappaeque
776 967 1068 1020 tribuliquew]
1111 967 1274 1013 absint,
1302 968 1466 1022 >Lappae
1496 975 1535 1009 et
1564 971 1691 1011 tribuli
1721 970 1873 1021 species
1902 969 2111 1011 herbarum
2141 973 2246 1019 sunt,

107 1035 209 1075 quae
237 1023 407 1062 nativam
437 1024 685 1075 asperitatem
716 1023 859 1063 habent
890 1030 929 1064 et
957 1025 1009 1063 ita
1040 1024 1202 1065 haerent
1229 1024 1360 1072 lanae,
1395 1028 1435 1064 ut
1465 1025 1550 1064 sine
1581 1025 1784 1075 dispendio
1814 1024 1954 1065 develli
1982 1037 2061 1064 non
2083 1025 2245 1077 possint,

107 1090 230 1130 quare
259 1079 325 1130 qui
356 1090 490 1118 curam
520 1077 641 1118 lanitii
670 1078 799 1126 habet,
832 1091 876 1117 ea
908 1079 993 1118 loca
1023 1080 1127 1118 vitet.
1158 1101 1208 1106 —-
1236 1077 1494 1130 Lappaeque
1525 1078 1808 1130 tribuliquels)
1837 1078 1986 1128 absint,
2004 1079 2144 1130 quibus
2174 1092 2246 1119 re-

106 1132 181 1173 bus
218 1133 308 1174 lana
344 1132 636 1184 decerpitur.·¹=⁹)
696 1131 818 1184 Fuye
855 1132 1015 1184 pabula
1055 1132 1190 1177 laeta,
1226 1133 1367 1185 pabula
1407 1134 1508 1173 laeta
1544 1133 1639 1186 fuge
1677 1146 1755 1173 non
1791 1147 1842 1174 ne
1872 1135 2108 1175 contrarium
2138 1135 2245 1184 vitet,

105 1187 177 1227 sed
207 1187 391 1239 quoniam
419 1187 520 1226 laeta
550 1187 790 1240 grassiorem
818 1187 1010 1236 lana1n⁵⁰)
1041 1188 1203 1238 faciunt,
1234 1188 1335 1227 bene
1365 1187 1481 1237 dixit,
1512 1189 1546 1228 si
1570 1189 1636 1228 tibi
1668 1189 1841 1229 lanitium
1871 1201 2002 1238 curae,
2033 1193 2125 1228 tunc
2145 1189 2245 1228 laeta

98 1241 201 1295 ,fuge
227 1242 381 1295 pabula.

241 1297 306 1339 Vs.
334 1294 428 1338 386.
487 1296 638 1343 Albos,
667 1296 755 1336 lana
785 1297 888 1336 enim
915 1297 1002 1337 alba
1030 1297 1264 1350 pretiosior,
1297 1297 1388 1349 quia
1418 1298 1630 1349 quemlibet
1660 1298 1823 1350 suscipit
1852 1298 2037 1338 colorem.

239 1352 305 1391 Vs.
336 1349 429 1392 387.
493 1351 684 1397 Quamvis
716 1352 821 1389 aries
851 1353 906 1390 sit
936 1352 1142 1390 candidus
1181 1352 1292 1402 ipse,
1332 1352 1438 1403 quod
1476 1352 1540 1392 hic
1569 1365 1640 1404 per
1669 1353 1874 1392 transitum
1903 1353 2048 1405 tangit,
2091 1354 2130 1393 in
2160 1353 2245 1394 aliis

105 1406 257 1457 plenius
287 1411 359 1446 est.
417 1404 538 1445 Aries
568 1407 624 1445 sit
654 1406 859 1445 candidus
890 1407 979 1458 ipse
1009 1407 1110 1447 bene
1139 1406 1268 1457 addit,
1310 1408 1486 1459 quamvis
1517 1412 1559 1447 ut
1589 1407 1769 1447 dominus
1800 1407 1932 1461 gregis
1964 1412 2045 1458 est,
2078 1420 2179 1459 quae
2206 1409 2246 1448 in

105 1460 252 1500 Reum
279 1461 451 1501 Lamnus
481 1462 674 1501 dicuntur.

239 1517 304 1555 Vs.
335 1514 428 1557 388.
493 1516 608 1563 Udo.
637 1528 793 1569 semper
822 1515 1056 1564 humido.⁵¹)
1411 1553 1417 1560 ,

239 1571 305 1610 Vs.
335 1569 429 1611 389.
486 1571 614 1610 Minus
643 1571 745 1610 enim
775 1571 956 1624 generari
984 1571 1114 1610 idonei
1145 1575 1247 1612 sunt.
1304 1571 1374 1612 Hic
1402 1571 1624 1624 pastoribus
1660 1571 1858 1624 diligentia
1888 1573 2019 1626 operis
2047 1571 2243 1625 impendi-

107 1629 180 1665 tur.
212 1648 265 1653 —
294 1623 360 1663 Ne
389 1625 588 1676 infuscet,
618 1638 669 1665 ne
696 1627 826 1666 varios
858 1637 982 1678 agnos
1012 1625 1142 1666 faciat.

239 1681 305 1720 Vs.
337 1679 429 1721 390.
489 1678 648 1731 Pleno,
677 1679 820 1731 copia.-

239 1736 304 1775 Vs.
334 1733 427 1776 391.
489 1734 660 1774 Munere
700 1736 761 1773 sic
798 1735 918 1773 niveo
956 1740 995 1775 et
1031 1735 1141 1787 reliq.
1181 1735 1288 1776 Luna
1328 1747 1417 1776 cum
1457 1735 1679 1776 adamasset
1715 1736 1843 1776 lanam
1882 1749 2047 1789 eamque
2083 1749 2104 1777 3
2143 1737 2245 1778 Pane

105 1790 338 1842 postularet,
379 1802 426 1830 eo
465 1791 569 1842 quod
607 1789 761 1831 lanificii
798 1790 980 1830 inventor
1017 1791 1088 1841 sit',
1128 1790 1233 1831 unde
1271 1794 1310 1829 et
1347 1791 1550 1842 paniculae
1589 1791 1792 1841 dicuntur,
1838 1796 1880 1831 ut
1909 1793 2171 1844 acceperit⁵²]
2207 1798 2245 1833 et

104 1845 346 1897 interpellata
386 1845 436 1885 de
474 1850 611 1899 stupro
649 1845 836 1885 intellexit
872 1849 915 1885 ut
943 1845 980 1884 in
1013 1845 1204 1886 adulterio
1239 1844 1419 1886 fraudem
1455 1846 1633 1899 pertulit,
1673 1846 1778 1899 quod
1818 1859 1896 1886 non
1926 1859 2015 1886 cum
2046 1847 2245 1888 voluntate

104 1900 293 1952 peccavit.
351 1903 535 1939 IUNILIUS
566 1900 668 1953 dicit..
698 1922 753 1929 ——
788 1898 837 1937 Si
868 1900 1035 1938 credere
1065 1900 1236 1952 diynum
1266 1905 1348 1946 est,
1388 1905 1537 1941 tantum
1568 1901 1617 1941 de
1644 1900 1751 1943 Luna
1782 1902 2058 1955 sacrilegium.'

238 1955 304 1994 Vs.
332 1952 425 1995 392.
485 1953 599 1998 Pan,
641 1954 879 2001 mutabat53)
920 1954 1111 2005 fabulam,
1151 1967 1241 1996 nam
1279 1967 1358 1995 non
1388 1955 1465 1996 Pan
1503 1956 1575 1996 sed
1605 1956 1823 2008 Endymion
1854 1968 2009 1996 amasse
2038 1957 2241 2005 dicum-⁵⁴)

103 2008 275 2058 Lunam,
308 2010 373 2061 qui
402 2014 557 2062 spretus
586 2010 690 2062 pavit
718 2021 860 2061 pecora
891 2009 1166 2050 candidissima
1195 2014 1234 2049 et
1262 2011 1320 2049 sic
1350 2010 1465 2050 etiam
1494 2011 1532 2050 in
1562 2022 1658 2050 suos
1686 2011 1835 2051 inflexit
1854 2012 2058 2063 amplexus
2069 2025 2080 2062 3
2111 2024 2243 2064 quan-

105 2065 193 2106 dam
223 2069 415 2105 secretam
446 2069 485 2104 et
511 2065 783 2112 rationem.⁵⁵)
843 2066 1102 2103 ouum->umus
1133 2064 1236 2105 dicit.
1268 2087 1320 2093 —
1352 2063 1460 2109 Pan,
1491 2065 1588 2106 deus
1617 2065 1822 2106 Arcadiae.
1852 2066 1929 2106 Pan
1959 2066 2090 2107 Lunae
2110 2079 2245 2108 amore

104 2125 241 2173 captus
272 2119 347 2159 hoc
377 2120 534 2172 ingenio
573 2131 669 2160 usus
700 2123 783 2171 est,
822 2125 865 2160 ut
890 2119 1038 2159 Lunam
1068 2131 1153 2160 eam
1183 2124 1417 2172 provocaret
1457 2119 1506 2160 ad
1545 2120 1808 2171 voluntatem,
1851 2127 1889 2162 et
1918 2122 2138 2175 Endymion
2166 2122 2242 2162 hoc

103 2174 207 2215 fecit.
240 2197 293 2202 —-
322 2177 502 2213 lauimus
534 2173 636 2214 dicit.

238 2229 304 2268 Vs.
334 2226 428 2269 394.
487 2227 641 2275 Lotus,
671 2240 798 2282 genus
830 2228 987 2269 herbae.
1457 2280 1463 2283 .

237 2285 303 2323 Vs.
334 2283 429 2325 395.
488 2282 566 2322 Ille
596 2296 734 2322 manus
764 2282 894 2321 salsas
925 2289 963 2323 et
990 2284 1102 2335 reliq.
1134 2283 1328 2336 quandam
1361 2288 1555 2324 secretam
1586 2296 1676 2325 esse
1704 2286 1916 2329 rationem,
1950 2290 1992 2326 ut
2021 2291 2059 2326 et
2078 2287 2239 2328 multum

104 2345 282 2392 potantes
313 2338 545 2388 reddant⁵⁶]
576 2339 738 2392 plurima
767 2339 879 2378 lactis
910 2343 948 2379 et
975 2339 1089 2391 ipsud
1102 2338 1167 2388 ⁵⁷)
1191 2339 1251 2379 lac
1280 2350 1357 2379 non
1389 2340 1438 2378 sit
1467 2338 1632 2382 fatuum.
1680 2370 1687 2395 ἓ

236 2395 302 2434 Vs.
333 2391 426 2434 396.
491 2392 702 2437 Tendunt,
733 2393 832 2433 lacte
862 2395 1034 2446 implent.

235 2450 300 2489 Vs.
333 2447 427 2490 397.
485 2447 547 2487 Et
574 2448 674 2487 salis
706 2448 933 2493 occultum,
965 2449 1030 2488 vix
1059 2448 1373 2503 intellegibilem,
1415 2459 1493 2488 non
1522 2449 1651 2489 statim
1684 2454 1935 2502 apparentem
1964 2461 2157 2503 saporem.
2189 2474 2242 2481 -

108 2503 325 2543 Occultum
352 2517 564 2554 saporem,
594 2504 817 2544 suaviorem
848 2505 1036 2558 colligunt
1066 2516 1260 2556 saporem.
1402 2553 1405 2555 ‚
1905 2537 1911 2540 .

237 2560 301 2600 Vs.
332 2557 425 2601 398.
484 2557 720 2603 Eurotas,
752 2561 909 2609 auctos,
938 2559 1168 2609 validiores,
1199 2559 1306 2599 velut
1334 2561 1516 2597 lusimus
1547 2558 1638 2598 dicit
1667 2569 1688 2598 a
1718 2558 1819 2599 lacte
1849 2564 2064 2611 separatos.

101 2660 109 2665 ,
235 2615 302 2654 Vs.
333 2613 427 2655 399.
487 2612 710 2666 Primaque
740 2618 778 2654 et
817 2614 928 2667 reliq.
966 2615 1014 2655 ab
1053 2614 1113 2654 his
1152 2613 1323 2662 scilicet,
1362 2612 1504 2664 quibus
1537 2614 1647 2654 lactis
1678 2625 1773 2653 usus
1806 2618 1867 2653 est
1896 2614 2156 2655 necessarius.
2190 2638 2238 2643 —

102 2668 310 2717 ferratis,
340 2669 461 2711 duris,

234 2724 299 2764 Vs.
328 2722 422 2765 401.
480 2722 699 2767 Prema-nt,
731 2727 902 2776 cogunt,
933 2732 1094 2765 caseum
1124 2722 1281 2764 faciunt.

235 2879 284 2920 45)
309 2879 492 2911 amaxin.
540 2878 591 2919 46)
618 2877 814 2922 Piphaeo
839 2883 871 2911 et
896 2878 1004 2921 paullo
1034 2883 1107 2921 post
1133 2875 1318 2920 riphaei.
1366 2875 1418 2918 47)
1444 2886 1535 2908 «πο
1566 2886 1623 2908 τω
1651 2875 1940 2916 Ριπιξηεατ.
1982 2876 2032 2916 48)
2060 2876 2237 2910 triboli-
2298 2912 2299 2916 ,

102 2935 195 2970 que.
242 2925 293 2967 49)
319 2924 564 2967 decepitur.
612 2924 663 2965 50)
689 2925 945 2967 grassiores
971 2924 1086 2957 lana.
1135 2923 1186 2964 51)
1212 2922 1369 2964 umido,
1395 2921 1447 2964 5²)
1472 2923 1736 2966 acciperint.
1763 2922 1813 2963 53)
1840 2921 2074 2955 mutabunt.
2097 2923 2148 2964 5³)
2174 2923 2237 2956 di-

101 2976 268 3004 cuntur.
318 2971 370 3011 55)
396 2969 581 3003 Secundum
607 2969 754 3003 Servium
789 2969 885 3003 facile
918 2969 1002 3003 haec
1028 2969 1125 3002 verba
1151 2968 1383 3003 emendantur:
1419 2968 1541 3002 cuius
1566 2970 1630 3002 rei
1664 2968 1880 3011 quandum
1906 2971 2122 3001 secretam
2146 2979 2239 3005 esse

72 3063 76 3066 Α
101 3018 320 3051 rationem
345 3015 512 3050 volunt.
559 3016 608 3059 56)
634 3015 833 3049 redeant.
882 3017 932 3058 5¹1)
958 3015 1012 3049 Sic
1037 3017 1068 3048 in
1094 3014 1171 3048 cod.
1918 3054 1969 3097 2*
