2430 3177
1169 108 1244 155 '17

152 240 156 244 ”
206 259 210 264 ·
255 239 321 279 Vs.
353 238 421 281 52.
483 238 594 284 Quin
624 252 716 291 aye,
742 239 862 280 immo
892 240 1033 292 potius.
1091 240 1198 293 Aye,
1230 246 1298 282 aut
1319 241 1547 282 adverbium
1577 244 1782 295 temporis,
1816 249 1884 284 aut
1915 245 2076 285 verbum
2106 247 2280 300 impera-

122 296 255 336 tivum.
285 316 340 324 —
376 293 425 332 Si
455 294 559 346 quid
586 293 726 346 habes,
755 294 829 344 dic,
859 307 1049 347 propone,
1079 297 1411 349 quicquidssvelis,
1438 297 1567 348 incipe
1596 295 1737 338 dicere.
1778 297 1897 337 .Non
1927 301 2021 352 erit,
2050 304 2130 341 non
2158 309 2282 343 erunt.

253 349 320 389 Vs.
351 347 416 389 54.
467 348 676 388 *Sensibus
705 349 806 388 Izaec
834 350 873 388 in
903 350 1019 397 imis3
1050 351 1179 392 adhuc
1196 354 1319 392 iratus
1340 355 1411 391 est.
1435 374 1482 380 —-
1509 350 1722 402 Reponas,
1753 359 1796 394 ut
1823 354 1937 395 facile
1956 356 2086 407 possis
2107 363 2282 397 nostram

122 402 348 449 discernere
378 404 717 456 discrepationem.
1144 440 1146 442 ,
1252 410 1255 412 ·
1277 433 1294 444 ..
2244 442 2248 445 c

252 459 317 498 Vs.
348 458 413 499 55.
470 458 620 498 Dicite
659 458 1005 511 quandoquidem.
1069 458 1318 515 Allegorice,
1365 462 1549 512 quoniam
1587 461 1784 512 subicent,
1824 476 1902 516 pax
1942 469 2014 504 est.
2088 465 2280 511 Quando,

121 517 329 564 quatenus.
370 536 422 543 -—
459 513 591 553 Molli
629 513 885 552 consedimus
913 514 1060 559 herba,
1100 517 1286 567 quoniam
1326 517 1510 556 suaviore
1545 515 1669 556 odore
1706 517 1914 558 herbarum
1952 521 2202 561 consedimus
2244 527 2283 562 et

121 567 362 610 delectamur
390 570 572 622 incipere.
754 599 757 602 -
2210 578 2213 579 ’

255 623 322 663 Vs.
354 622 420 665 56.
478 622 686 668 Parturit,
717 623 838 664 fetum
867 623 1021 674 reddit,
1042 628 1100 674 ²⁰)
1132 625 1307 677 pullulat.
2119 663 2124 666 .

251 679 318 718 Vs.
347 678 412 719 57.
469 678 627 723 Annus,
659 683 782 719 totum
812 691 881 731 pro
913 684 1044 731 parte3
1075 692 1239 720 vernum
1259 683 1361 721 enim
1381 685 1535 733 tempus
1554 680 1658 731 dicit,
1690 692 1769 732 quo
1790 693 1884 722 aves
1902 683 2091 736 incipiunt
2109 690 2280 727 cantare.

251 733 318 774 VS.
348 732 413 774 58.
461 731 693 785 Damoeta,
722 735 870 787 Virgili.
931 733 1146 784 Menalca,
1181 735 1374 776 Cornifici.

255 788 317 828 Vs.
348 787 414 829 59.
472 786 674 840 Alternis,
703 789 968 830 sermonibus.
1026 788 1218 834 Dicetis,
1248 791 1466 843 producite.
1496 813 1551 819 —-
1580 788 1779 843 Alterua,
1819 792 2003 833 carmina.
2067 791 2281 848 Camenae,

120 843 217 886 deae
249 844 462 883 carminum
494 844 557 883 vel
587 845 802 885 cantiones.
2138 850 2142 854 ’
2194 854 2197 856 ’

251 898 318 939 Vs.
347 896 411 939 60.
470 897 536 935 Ab
568 897 677 938 Iove.
735 899 867 939 Iovem
896 901 997 940 enim
1029 900 1186 952 quidam
1214 901 1351 942 volunt
1381 901 1511 941 dicere
1541 902 1712 942 calorem
1737 902 1941 954 hominum
1972 903 2109 943 animis
2138 905 2279 945 inhae-

117 956 281 993 rentem.
312 976 366 982 —
396 950 460 991 Ab
490 952 588 992 Iove
612 955 887 1006 principium,
918 955 1098 996 adolatur
1115 956 1316 1010 Augusto,
1346 958 1437 1008 quia
1460 956 1507 996 ab
1528 956 1623 997 Iove
1643 957 1755 998 duxit
1775 957 1979 1011 originem.
2002 960 2059 1007 ⁸²)
2081 981 2134 989 --
2154 958 2278 1005 Iovis,

120 1006 300 1049 Caesaris
311 1022 323 1058 3
354 1008 506 1059 omnia,
535 1011 803 1062 omnipotens3
828 1009 1115 1064 plena‚·plena
1144 1017 1248 1052 sunt.

228 1064 318 1103 >Vs.
350 1061 414 1104 61.
474 1063 547 1102 Illi
576 1077 665 1102 mea
695 1065 877 1103 carmina
907 1077 1045 1113 curae,
1074 1066 1242 1106 fecunda
1269 1067 1375 1114 fecit,
1407 1071 1474 1105 aut
1502 1066 1608 1117 quod
1637 1071 1752 1117 poeta
1783 1071 1854 1106 est.
1886 1089 1938 1095 —
1971 1066 2043 1106 Illi
2072 1082 2161 1108 mea
2191 1083 2278 1109 car-

118 1117 230 1157 mina
259 1131 393 1159 curae.
452 1119 566 1166 Ideo,
598 1120 669 1167 ait,
701 1124 804 1157 amat
834 1130 897 1156 me
923 1119 1116 1168 Phoebus,
1145 1125 1210 1159 aut
1239 1119 1344 1170 quod
1375 1120 1566 1172 originem
1596 1121 1801 1171 geniturae
1829 1133 1881 1159 ex
1906 1122 1983 1160 isto
2012 1135 2279 1170 versucomz-

117 1173 342 1224 prehendit3
371 1185 461 1212 nam
489 1173 615 1212 fertur
644 1177 769 1212 mater
786 1172 936 1225 Virgilii
962 1172 1075 1222 Maia,
1108 1186 1197 1213 cum
1226 1173 1393 1213 eundem
1413 1175 1585 1226 paritura
1614 1176 1748 1227 gravis
1769 1179 1888 1225 esset,
1918 1178 2151 1228 somniasse,
2181 1180 2281 1221 lauri

116 1227 288 1268 fructum
323 1239 368 1267 se
405 1228 625 1281 peperisse3
664 1226 833 1278 denique
870 1226 919 1267 de
958 1232 1073 1280 poeta
1110 1228 1175 1268 ille
1212 1240 1353 1268 versus
1382 1229 1563 1270 ostendit.
1624 1228 1849 1282 Phoebus,
1879 1230 2090 1284 allegorice
2120 1233 2278 1286 Caesar,

116 1281 218 1323 filius
246 1282 363 1322 Iovis.
752 1316 755 1318 .
787 1281 860 1331 21'52
1758 1288 1761 1292 ’

251 1337 317 1377 Vs.
351 1335 416 1378 62.
473 1337 536 1377 Et
571 1350 631 1376 me
670 1343 832 1388 amat34
851 1338 948 1380 alter
985 1340 1151 1381 amicitia
1190 1340 1390 1389 Caesaris,
1439 1341 1536 1381 alter
1569 1341 1830 1382 familiaritate
1867 1342 2108 1383 contendens
2146 1344 2278 1386 iactat.

117 1390 327 1444 Phoebus,
354 1392 510 1446 Apollo,
543 1405 660 1445 quem
689 1394 812 1434 solem
845 1398 936 1434 esse
964 1395 1110 1435 volunt.
1170 1394 1231 1435 Et
1259 1409 1320 1434 me
1349 1395 1557 1440 Phoebus,
1588 1397 1677 1448 quia
1706 1397 1998 1438 honoraverunt
2028 1411 2090 1439 me
2110 1399 2280 1452 Iuppiter

119 1451 158 1488 et
184 1446 338 1501 Apollo.
367 1471 421 1478 —
451 1447 625 1487 Phoebo
655 1462 730 1487 sua
759 1462 917 1500 semper
945 1450 1062 1502 apud
1088 1463 1160 1489 me.
1218 1452 1278 1491 De
1303 1452 1465 1505 Virgilio
1494 1451 1571 1491 hoc
1599 1451 1811 1505 allegorice
1838 1453 2156 1506 intellegendum.

192 1536 194 1539 .
251 1503 317 1542 Vs.
346 1501 412 1545 63.
471 1502 616 1555 Lauri,
646 1505 738 1556 quia
767 1505 806 1544 in
836 1505 954 1546 tutela
975 1506 1033 1556 22)
1063 1506 1252 1558 Apollinis
1283 1512 1405 1546 erant.
1469 1505 1620 1558 suave,
1653 1507 1787 1546 odore.
1847 1506 2032 1559 Rubens,
2059 1509 2171 1549 rubei
2200 1523 2277 1550 co-

105 1557 213 1598 loris
243 1558 376 1598 flores.
439 1558 704 1610 Hyacinthus
742 1572 840 1612 puer
876 1572 999 1612 prope
1037 1572 1189 1600 amnem
1219 1561 1459 1608 Eurotam)
1502 1561 1594 1600 dum
1634 1574 1722 1601 cum
1751 1561 1932 1615 Apolline
1968 1563 2018 1602 ad
2048 1563 2199 1604 discum
2219 1567 2276 1614 28)

117 1612 228 1664 ludit,
259 1625 329 1665 per
351 1614 649 1666 imprudentiam
681 1615 862 1654 incautus
891 1616 1047 1664 interiit,
1079 1627 1248 1667 eumque
1265 1616 1468 1669 Nymphae
1497 1615 1708 1666 fleverunt,
1742 1618 1876 1656 ea'r'um
1898 1622 1947 1656 .ut
1971 1618 2145 1658 vlacrimis
2176 1620 2278 1660 inri-

118 1667 341 1721 guussons
373 1673 585 1708 crearetur.
642 1668 736 1709 Inde
765 1669 910 1708 rubens
942 1670 1182 1721 Hyacinthus
1215 1671 1357 1711 dicitur
1386 1671 1507 1710 colori
1536 1671 2277 1727 solis'compar'atus.—Hyaciutlzus,

116 1735 217 1775 puer
244 1723 505 1776 pulcherrima
532 1722 663 1763 forma
690 1723 816 1764 fuisse
845 1724 1028 1775 traditur,
1069 1725 1116 1764 ab
1147 1725 1328 1778 Apolline
1356 1725 1520 1767 dilectus
1552 1726 1666 1775 etbab
1691 1726 1844 1766 eodem
1866 1727 2100 1779 imprudenti
2126 1729 2276 1771 ludicro

119 1777 228 1819 disco
257 1783 480 1831 peremptus
503 1781 560 1826 ²⁴)
593 1785 667 1831 est,
697 1778 746 1819 de
775 1779 885 1819 cuius
907 1781 1102 1821 cineribus
1132 1780 1250 1821 flores
1273 1781 1360 1821 'nati
1389 1784 1493 1830 sunt,
1524 1786 1563 1821 et
1583 1782 1742 1821 nomine
1759 1782 1798 1830 *.)
1831 1782 1913 1823 eius
1944 1784 2154 1835 conscripti
2173 1791 2274 1825 sunt.

250 1834 317 1873 Vs.
345 1832 408 1874 64.
467 1832 610 1881 Malo,
641 1834 748 1875 omni
776 1846 845 1875 ora
855 1846 867 1883 3
907 1833 1109 1887 Galatea,
1145 1835 1222 1876 filia
1252 1837 1314 1876 vel
1345 1836 1584 1887 concubina,
1620 1837 1736 1888 petit
1769 1837 1832 1877 vel
1861 1839 2077 1890 percussit,
2116 1839 2275 1892 adpetit.

124 1885 325 1940 Galatea,
363 1889 573 1943 allegorice
600 1889 759 1929 Mantua
795 1890 858 1929 vel
888 1890 1032 1940 Gallia,
1071 1903 1173 1942 quae
1207 1891 1482 1932 blandimentis
1520 1893 1626 1944 petit.
1684 1890 1889 1944 Lasciva,
1917 1893 2141 1945 luxuriosa,
2172 1894 2275 1935 ultro

119 1944 269 1984 volens.
328 1942 521 1994 Lasciva,
551 1945 782 1994 allegorice:
814 1945 908 1985 mihi
936 1957 1047 1985 mens
1079 1951 1210 1998 optata
1240 1948 1403 2000 contigit
1431 1949 1652 1999 praesentia
1682 1946 1875 1988 Caesaris.

252 1999 318 2038 Vs.
349 1997 414 2039 65.
471 1997 540 2037 Aa
570 1998 739 2050 salices,
768 1999 818 2039 ad
846 2004 984 2052 poetas
1011 2002 1180 2053 peiores.
1603 2036 1605 2038 .
2065 2036 2068 2039 .
2109 2033 2112 2041 ,

252 2054 319 2094 Vs.
350 2052 416 2094 66.
462 2053 608 2105 >lanis,
638 2066 760 2098 amor.
794 2077 843 2082 —
876 2053 995 2093 Meus
1025 2056 1145 2107 tynis·
1167 2056 1378 2109 Amyntas,
1409 2057 1631 2111 allegorice¹
1650 2070 1904 2099 meusnamor
1932 2058 2140 2101 Antonius.

252 2109 318 2150 Vs.
349 2107 413 2149 67.
455 2108 657 2160 -Notior,
695 2114 739 2149 ut
766 2108 958 2161 Amyntas
998 2123 1077 2150 non
1116 2112 1243 2151 minus
1266 2113 1393 2154 vnotu‘s
1413 2110 1487 2161 aa)
1513 2113 1578 2166 sit
1605 2115 1750 2165 nostris
1770 2114 1964 2167 canibus,
2005 2127 2121 2166 quam
2149 2114 2273 2165 Delia,

119 2160 263 2211 nomen
292 2165 441 2205 amicae
469 2163 544 2204 vel¹
561 2165 802 2214 concubinae
830 2165 1042 2205 Menalcae.
1073 2189 1126 2195 -
1156 2164 1305 2221 Delia,
1331 2167 1543 2221 allegorice
1571 2168 1695 2210 Diana
1727 2169 1777 2208 de
1806 2169 1904 2210 Delo
1933 2170 2072 2210 insula.
2124 2216 2139 2220 ,Ἴ

251 2220 318 2259 Vs.
350 2218 412 2261 68,
473 2217 628 2271 Parta,
666 2232 737 2272 pro
772 2225 919 2273 parata.
987 2219 1132 2273 Meae,
1171 2222 1320 2261 amicae
1358 2215 1581 2262 Galateam
1623 2222 1791 2276 Veneri,
1831 2224 2011 2264 adolatur
2049 2224 2273 2275 Caesarem,

120 2277 186 2329 qui
225 2275 275 2316 de
309 2277 429 2328 stirpe
459 2275 621 2315 Veneris
641 2275 855 2319 ,venit..—
885 2273 1087 2327 Munera,
1125 2278 1254 2328 myrti.
1323 2275 1514 2329 Namque,
1538 2279 1703 2331 notavi,
1737 2280 1890 2329 inveni,
1931 2292 2033 2331 quae
2070 2279 2274 2332 cupiebam

119 2330 212 2372 mihi
239 2331 479 2384 contingere,
509 2330 548 2369 id
579 2334 640 2370 est
668 2331 873 2370 amicitiam
904 2330 1096 2371 Caesaris.
2103 2332 2109 2338 '
2155 2377 2158 2381 ι

249 2386 318 2426 Vs.
349 2385 414 2426 69.
474 2383 646 2437 Locum,
674 2385 796 2425 altare
821 2387 860 2424 iu
890 2386 1048 2431 nomine
1077 2387 1174 2436 eius.
1231 2385 1407 2439 Aer-iae,
1438 2389 1533 2428 ae'rii
1562 2388 1718 2428 coloris.
1736 2394 1801 2443 ’ἡ
1835 2386 2111 2441 Conyessere,
2140 2389 2273 2430 nidifi-

109 2441 258 2485 cando.
317 2440 540 2494 Allegorice
567 2441 752 2492 loquitur.
809 2439 961 2479 Aer-tae
988 2440 1218 2493 palumbes,
1251 2443 1460 2494 aliquando
1490 2443 1528 2482 hi
1548 2445 1605 2491 ²⁵)
1638 2442 1866 2496 palumbes(
2056 2465 2058 2467 >
2103 2458 2105 2464 ·

110 2511 138 2545 χ
249 2497 317 2536 Vs.
348 2494 416 2536 70.
475 2493 632 2546 Puero,
661 2495 832 2536 Antonio
851 2496 916 2535 vel
933 2497 1128 2550 Augusto.
1146 2518 1197 2525 ⁷—-
1227 2495 1436 2547 Silvestri,
1466 2498 1626 2550 agresti.
1682 2495 1859 2550 Arbore,
1889 2500 2074 2540 carmine.
2132 2497 2273 2538 Puero

122 2551 301 2590 silvestri
330 2555 403 2590 'eac>
431 2549 576 2589 arbore
606 2550 869 2589 lecta'aurea
907 2550 1017 2601 mala
1046 2548 1337 2604 'clecemA-mis'iss
1371 2551 1616 2606 ‘Allegorice
1657 2565 1706 2593 ex
1738 2555 1891 2607 >agresti
1925 2556 2098 2596 carmine
2137 2554 2274 2595 decem

122 2604 280 2661 eclogas
309 2607 399 2653 misi.
428 2606 853 2660 OctavianoscriptaS.
918 2605 1018 2644 Cras
1039 2613 1119 2659 *pro
1147 2607 1280 2647 futuro
1310 2611 1497 2660 tempore.
1553 2605 1724 2659 Altera,
1754 2610 1940 2662 georgica
1970 2609 2037 2649 vel·
2060 2609 2272 2650 Aeneidos.

222 2663 228 2709 J
253 2660 321 2701 Vs.
350 2659 443 2702 72.···
477 2660 516 2699 O
547 2661 762 2714 quotiens,
791 2658 1002 2715 allegorice
1026 2662 1076 2702 ad
1106 2660 1312 2702 Caesarem
1345 2662 1538 2714 loquitur,
1569 2667 1612 2702 ut
1641 2664 1761 2714 sciat,
1791 2663 1989 2716 quomodo
2020 2676 2111 2705 eum
2140 2664 2274 2718 diligat

120 2716 296 2760 Mantua.
402 2728 405 2731 ·
958 2740 960 2743 v
1490 2725 1493 2727 “
1649 2739 1651 2742 <
1770 2726 1774 2734 ’
1930 2729 1933 2745 ²
1982 2728 1985 2745 ³

252 2772 318 2811 Vs.
351 2767 417 2811 732
470 2769 644 2810 Partem
676 2771 871 2825 aliquam,
903 2773 937 2813 si
963 2784 1043 2813 non
1071 2777 1209 2813 totum.
1241 2795 1295 2822 .····
1325 2771 1554 2825 Reseratis,
1583 2773 1753 2826 optativo
1783 2773 1929 2814 modo.'

254 2970 307 3013 ΞΟ)
333 2969 435 3004 Cod.:
462 2969 565 3002 fetu.
590 2970 716 3003 redit.
749 2971 800 3012 21)
819 2970 947 3004 Codex:
973 2970 1219 3015 horiginem
1243 2971 1295 3004 hic
1319 2976 1351 3003 et
1374 2970 1456 3004 infra
1472 2981 1522 3004 vs.
1541 2968 1595 3004 61.
1614 2970 1720 3004 babet.
1753 2972 1805 3012 22)
1831 2970 1941 3004 Codex
1959 2971 2076 3004 habet:
2103 2973 2271 3005 tutella.

118 3013 164 3058 33⁸)
189 3014 302 3050 00de
316 3014 557 3049 Erzod'otum.
574 3016 710 3058 -23).1n¹=
727 3016 820 3049 cod.:
847 3018 865 3049 a
879 3017 904 3049 d.-
919 3016 1198 3050 td'iseendum.
1232 3017 1285 3059 24)
1308 3017 1345 3050 In
1367 3017 1447 3050 cod.
1468 3017 1934 3060 perzcompendimscribendi,
1949 3017 2083 3061 legitur:
2102 3023 2270 3061 pertus.

120 3062 157 3103 ⁴⁵)
185 3061 295 3096 Codex
319 3061 433 3098 habet:
467 3072 630 3094 nomen.
677 3062 732 3103 ”)
759 3061 891 3095 Codex:
919 3064 1074 3095 notior.
1121 3062 1230 3104 25)1n
1258 3063 1356 3096 cod-2
1383 3062 1460 3095 hic.
1534 3089 1537 3091 .
1576 3078 1649 3093 =.·-·
1735 3080 1738 3086 ι
1771 3090 1775 3093 ,
1812 3067 1879 3149 3Ν
