<?xml version="1.0" encoding="UTF-8"?>
<!DOCTYPE html PUBLIC "-//W3C//DTD XHTML 1.0 Transitional//EN"
    "http://www.w3.org/TR/xhtml1/DTD/xhtml1-transitional.dtd">
<html xmlns="http://www.w3.org/1999/xhtml" xml:lang="en" lang="en">
 <head>
  <title>
</title>
<meta http-equiv="Content-Type" content="text/html;charset=utf-8" />
  <meta name='ocr-system' content='tesseract 3.04.00' />
  <meta name='ocr-capabilities' content='ocr_page ocr_carea ocr_par ocr_line ocrx_word'/>
</head>
<body>
  <div class='ocr_page' id='page_1' title='image "./commentariaiunil00mluoft_0009.png"; bbox 0 0 2430 3177; ppageno 0'>
   <div class='ocr_carea' id='block_1_1' title="bbox 72 815 2260 1503">
    <p class='ocr_par' dir='ltr' id='par_1_1' title="bbox 72 815 2260 1441">
     <span class='ocr_line' id='line_1_1' title="bbox 112 815 2252 907; baseline 0.002 -18"><span class='ocrx_word' id='word_1_1' title='bbox 112 815 468 903; x_wconf 80' lang='lat' dir='ltr'>Virgilius-tam</span> <span class='ocrx_word' id='word_1_2' title='bbox 513 858 598 906; x_wconf 89' lang='lat' dir='ltr'>quo</span> <span class='ocrx_word' id='word_1_3' title='bbox 641 848 841 907; x_wconf 88' lang='lat' dir='ltr'>tempore</span> <span class='ocrx_word' id='word_1_4' title='bbox 875 841 1058 892; x_wconf 80' lang='lat' dir='ltr'>vivebat</span> <span class='ocrx_word' id='word_1_5' title='bbox 1102 844 1234 892; x_wconf 91' lang='lat' dir='ltr'>valde</span> <span class='ocrx_word' id='word_1_6' title='bbox 1280 851 1324 892; x_wconf 87' lang='lat' dir='ltr'>et</span> <span class='ocrx_word' id='word_1_7' title='bbox 1367 860 1391 891; x_wconf 89' lang='lat' dir='ltr'>a</span> <span class='ocrx_word' id='word_1_8' title='bbox 1428 847 1588 893; x_wconf 85' lang='lat' dir='ltr'>ceteris</span> <span class='ocrx_word' id='word_1_9' title='bbox 1622 845 1835 892; x_wconf 87' lang='lat' dir='ltr'>Romanis</span> <span class='ocrx_word' id='word_1_10' title='bbox 1880 852 1924 892; x_wconf 84' lang='lat' dir='ltr'>ct</span> <span class='ocrx_word' id='word_1_11' title='bbox 1958 845 2013 892; x_wconf 89' lang='lat' dir='ltr'>ab</span> <span class='ocrx_word' id='word_1_12' title='bbox 2048 845 2252 906; x_wconf 88' lang='lat' dir='ltr'>Augusto</span> 
     </span>
     <span class='ocr_line' id='line_1_2' title="bbox 108 906 2254 975; baseline 0.002 -20"><span class='ocrx_word' id='word_1_13' title='bbox 108 906 308 961; x_wconf 80' lang='lat' dir='ltr'>,Caesare</span> <span class='ocrx_word' id='word_1_14' title='bbox 353 911 536 971; x_wconf 87' lang='lat' dir='ltr'>eiusque</span> <span class='ocrx_word' id='word_1_15' title='bbox 581 913 734 958; x_wconf 91' lang='lat' dir='ltr'>amicis</span> <span class='ocrx_word' id='word_1_16' title='bbox 773 912 1040 970; x_wconf 89' lang='lat' dir='ltr'>honoratus,</span> <span class='ocrx_word' id='word_1_17' title='bbox 1086 927 1216 973; x_wconf 86' lang='lat' dir='ltr'>quam</span> <span class='ocrx_word' id='word_1_18' title='bbox 1260 918 1458 960; x_wconf 89' lang='lat' dir='ltr'>mortuus</span> <span class='ocrx_word' id='word_1_19' title='bbox 1502 928 1645 975; x_wconf 87' lang='lat' dir='ltr'>paene</span> <span class='ocrx_word' id='word_1_20' title='bbox 1680 913 1831 960; x_wconf 89' lang='lat' dir='ltr'>divino</span> <span class='ocrx_word' id='word_1_21' title='bbox 1874 912 2042 959; x_wconf 86' lang='lat' dir='ltr'>honore</span> <span class='ocrx_word' id='word_1_22' title='bbox 2076 919 2254 975; x_wconf 88' lang='lat' dir='ltr'>propter</span> 
     </span>
     <span class='ocr_line' id='line_1_3' title="bbox 112 978 2255 1039; baseline 0.002 -18"><span class='ocrx_word' id='word_1_23' title='bbox 112 979 424 1030; x_wconf 81' lang='grc'>0610006506</span> <span class='ocrx_word' id='word_1_24' title='bbox 457 980 573 1024; x_wconf 85' lang='lat' dir='ltr'>inter</span> <span class='ocrx_word' id='word_1_25' title='bbox 605 978 773 1025; x_wconf 80' lang='lat' dir='ltr'>litteras</span> <span class='ocrx_word' id='word_1_26' title='bbox 807 979 1032 1025; x_wconf 87' lang='lat' dir='ltr'>Romanas</span> <span class='ocrx_word' id='word_1_27' title='bbox 1057 979 1320 1026; x_wconf 79' lang='lat' dir='ltr'>excellentia</span> <span class='ocrx_word' id='word_1_28' title='bbox 1359 979 1562 1039; x_wconf 89' lang='lat' dir='ltr'>dignatus</span> <span class='ocrx_word' id='word_1_29' title='bbox 1600 986 1679 1026; x_wconf 91' lang='lat' dir='ltr'>est.</span> <span class='ocrx_word' id='word_1_30' title='bbox 1750 979 1845 1034; x_wconf 86' lang='lat' dir='ltr'>Qua</span> <span class='ocrx_word' id='word_1_31' title='bbox 1875 981 2006 1025; x_wconf 88' lang='lat' dir='ltr'>etiam</span> <span class='ocrx_word' id='word_1_32' title='bbox 2031 979 2086 1024; x_wconf 89' lang='lat' dir='ltr'>de</span> <span class='ocrx_word' id='word_1_33' title='bbox 2122 994 2255 1026; x_wconf 84' lang='lat' dir='ltr'>causa</span> 
     </span>
     <span class='ocr_line' id='line_1_4' title="bbox 109 1043 2258 1121; baseline 0.001 -33"><span class='ocrx_word' id='word_1_34' title='bbox 109 1043 158 1088; x_wconf 88' lang='lat' dir='ltr'>in</span> <span class='ocrx_word' id='word_1_35' title='bbox 188 1045 283 1089; x_wconf 90' lang='lat' dir='ltr'>eius</span> <span class='ocrx_word' id='word_1_36' title='bbox 318 1045 511 1090; x_wconf 88' lang='lat' dir='ltr'>carmina</span> <span class='ocrx_word' id='word_1_37' title='bbox 546 1060 574 1091; x_wconf 91' lang='lat' dir='ltr'>a</span> <span class='ocrx_word' id='word_1_38' title='bbox 607 1046 717 1091; x_wconf 88' lang='lat' dir='ltr'>viris</span> <span class='ocrx_word' id='word_1_39' title='bbox 748 1060 892 1106; x_wconf 89' lang='lat' dir='ltr'>paene</span> <span class='ocrx_word' id='word_1_40' title='bbox 925 1045 1183 1104; x_wconf 84' lang='lat' dir='ltr'>aequalibus</span> <span class='ocrx_word' id='word_1_41' title='bbox 1220 1052 1264 1090; x_wconf 91' lang='lat' dir='ltr'>et</span> <span class='ocrx_word' id='word_1_42' title='bbox 1296 1051 1324 1090; x_wconf 80' lang='lat' dir='ltr'>a</span> <span class='ocrx_word' id='word_1_43' title='bbox 1359 1047 1504 1091; x_wconf 90' lang='lat' dir='ltr'>multis</span> <span class='ocrx_word' id='word_1_44' title='bbox 1533 1047 1654 1103; x_wconf 88' lang='lat' dir='ltr'>aliis,</span> <span class='ocrx_word' id='word_1_45' title='bbox 1691 1047 1765 1105; x_wconf 91' lang='lat' dir='ltr'>qui</span> <span class='ocrx_word' id='word_1_46' title='bbox 1797 1045 1873 1090; x_wconf 86' lang='lat' dir='ltr'>vel</span> <span class='ocrx_word' id='word_1_47' title='bbox 1904 1046 2137 1121; x_wconf 78' lang='lat' dir='ltr'>breviore,</span> <span class='ocrx_word' id='word_1_48' title='bbox 2181 1045 2258 1093; x_wconf 88' lang='lat' dir='ltr'>vel</span> 
     </span>
     <span class='ocr_line' id='line_1_5' title="bbox 72 1108 2256 1172; baseline 0.002 -18"><span class='ocrx_word' id='word_1_49' title='bbox 72 1121 77 1133; x_wconf 77' lang='lat'><strong>¹</strong></span> <span class='ocrx_word' id='word_1_50' title='bbox 110 1108 315 1169; x_wconf 82' lang='lat' dir='ltr'>longiore</span> <span class='ocrx_word' id='word_1_51' title='bbox 334 1113 544 1171; x_wconf 90' lang='lat' dir='ltr'>temporis</span> <span class='ocrx_word' id='word_1_52' title='bbox 562 1113 702 1170; x_wconf 90' lang='lat' dir='ltr'>spatio</span> <span class='ocrx_word' id='word_1_53' title='bbox 714 1110 769 1155; x_wconf 90' lang='lat' dir='ltr'>ab</span> <span class='ocrx_word' id='word_1_54' title='bbox 788 1123 842 1156; x_wconf 93' lang='lat' dir='ltr'>eo</span> <span class='ocrx_word' id='word_1_55' title='bbox 856 1109 1058 1155; x_wconf 86' lang='lat' dir='ltr'>disiuncti</span> <span class='ocrx_word' id='word_1_56' title='bbox 1076 1125 1125 1155; x_wconf 90' lang='grc'>61</span> <span class='ocrx_word' id='word_1_57' title='bbox 1128 1115 1216 1169; x_wconf 83' lang='lat' dir='ltr'>ant</span> <span class='ocrx_word' id='word_1_58' title='bbox 1238 1113 1550 1156; x_wconf 86' lang='lat' dir='ltr'>commentaria</span> <span class='ocrx_word' id='word_1_59' title='bbox 1573 1112 1734 1172; x_wconf 85' lang='lat' dir='ltr'>scripta</span> <span class='ocrx_word' id='word_1_60' title='bbox 1756 1124 1872 1168; x_wconf 87' lang='lat' dir='ltr'>esse,</span> <span class='ocrx_word' id='word_1_61' title='bbox 1886 1113 2045 1156; x_wconf 89' lang='lat' dir='ltr'>mirum</span> <span class='ocrx_word' id='word_1_62' title='bbox 2065 1125 2157 1156; x_wconf 90' lang='lat' dir='ltr'>non</span> <span class='ocrx_word' id='word_1_63' title='bbox 2175 1118 2256 1158; x_wconf 85' lang='lat' dir='ltr'>est</span> 
     </span>
     <span class='ocr_line' id='line_1_6' title="bbox 110 1173 2260 1242; baseline 0.001 -21"><span class='ocrx_word' id='word_1_64' title='bbox 110 1173 183 1225; x_wconf 81' lang='lat' dir='ltr'>Ex</span> <span class='ocrx_word' id='word_1_65' title='bbox 211 1174 394 1242; x_wconf 79' lang='lat' dir='ltr'>quibus,</span> <span class='ocrx_word' id='word_1_66' title='bbox 439 1189 572 1236; x_wconf 84' lang='lat' dir='ltr'>quum</span> <span class='ocrx_word' id='word_1_67' title='bbox 590 1175 809 1237; x_wconf 83' lang='lat' dir='ltr'>plurima‘</span> <span class='ocrx_word' id='word_1_68' title='bbox 795 1191 843 1222; x_wconf 88' lang='lat' dir='ltr'>m</span> <span class='ocrx_word' id='word_1_69' title='bbox 862 1182 1109 1238; x_wconf 89' lang='lat' dir='ltr'>temporum</span> <span class='ocrx_word' id='word_1_70' title='bbox 1131 1175 1346 1236; x_wconf 86' lang='lat' dir='ltr'>decursu,</span> <span class='ocrx_word' id='word_1_71' title='bbox 1379 1178 1613 1237; x_wconf 85' lang='lat' dir='ltr'>nonnulla,</span> <span class='ocrx_word' id='word_1_72' title='bbox 1644 1184 1692 1224; x_wconf 84' lang='lat' dir='ltr'>ut·</span> <span class='ocrx_word' id='word_1_73' title='bbox 1719 1177 1931 1235; x_wconf 86' lang='lat' dir='ltr'>videtur,</span> <span class='ocrx_word' id='word_1_74' title='bbox 1970 1179 2133 1239; x_wconf 86' lang='lat' dir='ltr'>optimo</span> <span class='ocrx_word' id='word_1_75' title='bbox 2164 1179 2260 1223; x_wconf 89' lang='lat' dir='ltr'>iure</span> 
     </span>
     <span class='ocr_line' id='line_1_7' title="bbox 111 1233 2259 1306; baseline 0.002 -21"><span class='ocrx_word' id='word_1_76' title='bbox 111 1233 400 1304; x_wconf 69' lang='lat' dir='ltr'>interierunt,</span> <span class='ocrx_word' id='word_1_77' title='bbox 433 1255 518 1288; x_wconf 90' lang='lat' dir='ltr'>nos</span> <span class='ocrx_word' id='word_1_78' title='bbox 539 1257 658 1289; x_wconf 88' lang='lat' dir='ltr'>nunc</span> <span class='ocrx_word' id='word_1_79' title='bbox 687 1242 864 1289; x_wconf 89' lang='lat' dir='ltr'>haurire</span> <span class='ocrx_word' id='word_1_80' title='bbox 894 1257 984 1289; x_wconf 91' lang='lat' dir='ltr'>non</span> <span class='ocrx_word' id='word_1_81' title='bbox 1004 1258 1264 1306; x_wconf 88' lang='lat' dir='ltr'>possumus,</span> <span class='ocrx_word' id='word_1_82' title='bbox 1299 1243 1380 1291; x_wconf 89' lang='lat' dir='ltr'>sed</span> <span class='ocrx_word' id='word_1_83' title='bbox 1401 1244 1588 1293; x_wconf 81' lang='lat' dir='ltr'>derivati</span> <span class='ocrx_word' id='word_1_84' title='bbox 1611 1259 1671 1291; x_wconf 87' lang='lat' dir='ltr'>ex</span> <span class='ocrx_word' id='word_1_85' title='bbox 1688 1245 1744 1290; x_wconf 90' lang='lat' dir='ltr'>iis</span> <span class='ocrx_word' id='word_1_86' title='bbox 1770 1246 1897 1306; x_wconf 89' lang='lat' dir='ltr'>parvi</span> <span class='ocrx_word' id='word_1_87' title='bbox 1916 1244 2049 1291; x_wconf 80' lang='lat' dir='ltr'>livuli</span> <span class='ocrx_word' id='word_1_88' title='bbox 2067 1243 2259 1290; x_wconf 89' lang='lat' dir='ltr'>adeundi</span> 
     </span>
     <span class='ocr_line' id='line_1_8' title="bbox 113 1300 2260 1373; baseline 0.001 -19"><span class='ocrx_word' id='word_1_89' title='bbox 113 1300 228 1359; x_wconf 80' lang='lat' dir='ltr'>sunt.</span> <span class='ocrx_word' id='word_1_90' title='bbox 290 1306 434 1353; x_wconf 85' lang='lat' dir='ltr'>Facta</span> <span class='ocrx_word' id='word_1_91' title='bbox 466 1310 583 1354; x_wconf 81' lang='lat' dir='ltr'>enim</span> <span class='ocrx_word' id='word_1_92' title='bbox 611 1315 714 1367; x_wconf 85' lang='lat' dir='ltr'>sunt</span> <span class='ocrx_word' id='word_1_93' title='bbox 728 1324 794 1356; x_wconf 92' lang='grc' dir='ltr'>6Χ</span> <span class='ocrx_word' id='word_1_94' title='bbox 815 1309 900 1357; x_wconf 85' lang='grc'>11115</span> <span class='ocrx_word' id='word_1_95' title='bbox 920 1313 1246 1357; x_wconf 83' lang='lat' dir='ltr'>commentariis</span> <span class='ocrx_word' id='word_1_96' title='bbox 1269 1318 1480 1373; x_wconf 87' lang='lat' dir='ltr'>excerpta</span> <span class='ocrx_word' id='word_1_97' title='bbox 1500 1311 1674 1358; x_wconf 86' lang='lat' dir='ltr'>ethaeo</span> <span class='ocrx_word' id='word_1_98' title='bbox 1703 1310 1757 1357; x_wconf 88' lang='lat' dir='ltr'>ab</span> <span class='ocrx_word' id='word_1_99' title='bbox 1779 1311 1876 1357; x_wconf 88' lang='lat' dir='ltr'>aliis</span> <span class='ocrx_word' id='word_1_100' title='bbox 1897 1310 2182 1373; x_wconf 82' lang='lat' dir='ltr'>scriptoribus</span> <span class='ocrx_word' id='word_1_101' title='bbox 2213 1312 2260 1357; x_wconf 89' lang='lat' dir='ltr'>in</span> 
     </span>
     <span class='ocr_line' id='line_1_9' title="bbox 107 1364 1881 1441; baseline 0.002 -21"><span class='ocrx_word' id='word_1_102' title='bbox 107 1364 295 1427; x_wconf 83' lang='lat' dir='ltr'>brevius</span> <span class='ocrx_word' id='word_1_103' title='bbox 325 1378 550 1420; x_wconf 89' lang='lat' dir='ltr'>contracta</span> <span class='ocrx_word' id='word_1_104' title='bbox 570 1380 694 1434; x_wconf 89' lang='lat' dir='ltr'>sunt,</span> <span class='ocrx_word' id='word_1_105' title='bbox 732 1375 889 1437; x_wconf 84' lang='lat' dir='ltr'>quibus</span> <span class='ocrx_word' id='word_1_106' title='bbox 922 1380 1144 1440; x_wconf 83' lang='lat' dir='ltr'>excerptis</span> <span class='ocrx_word' id='word_1_107' title='bbox 1176 1385 1486 1441; x_wconf 83' lang='lat' dir='ltr'>excerptorum</span> <span class='ocrx_word' id='word_1_108' title='bbox 1513 1378 1642 1425; x_wconf 87' lang='lat' dir='ltr'>nobis</span> <span class='ocrx_word' id='word_1_109' title='bbox 1672 1378 1776 1423; x_wconf 91' lang='lat' dir='ltr'>licet</span> <span class='ocrx_word' id='word_1_110' title='bbox 1805 1379 1881 1423; x_wconf 90' lang='lat' dir='ltr'>uti.</span> 
     </span>
    </p>

    <p class='ocr_par' dir='ltr' id='par_1_2' title="bbox 245 1409 2260 1503">
     <span class='ocr_line' id='line_1_10' title="bbox 245 1409 2260 1503; baseline 0.001 -18"><span class='ocrx_word' id='word_1_111' title='bbox 245 1440 443 1486; x_wconf 89' lang='lat' dir='ltr'>Primum</span> <span class='ocrx_word' id='word_1_112' title='bbox 462 1409 750 1502; x_wconf 77' lang='grc'>80110861105</span> <span class='ocrx_word' id='word_1_113' title='bbox 781 1445 828 1489; x_wconf 87' lang='grc'>10</span> <span class='ocrx_word' id='word_1_114' title='bbox 863 1443 1097 1503; x_wconf 78' lang='lat' dir='ltr'>„Historia</span> <span class='ocrx_word' id='word_1_115' title='bbox 1127 1447 1275 1492; x_wconf 86' lang='lat' dir='ltr'>critica</span> <span class='ocrx_word' id='word_1_116' title='bbox 1308 1445 1642 1493; x_wconf 87' lang='lat' dir='ltr'>scholiastarum</span> <span class='ocrx_word' id='word_1_117' title='bbox 1660 1444 1912 1490; x_wconf 80' lang='lat' dir='ltr'>Latinorum</span> <span class='ocrx_word' id='word_1_118' title='bbox 1925 1445 1955 1470; x_wconf 68' lang='lat'>‘⁶</span> <span class='ocrx_word' id='word_1_119' title='bbox 1991 1456 2109 1489; x_wconf 88' lang='grc'>6000</span> <span class='ocrx_word' id='word_1_120' title='bbox 2132 1442 2260 1489; x_wconf 86' lang='grc'>1834</span> 
     </span>
    </p>
   </div>
   <div class='ocr_carea' id='block_1_2' title="bbox 114 1505 2262 1706">
    <p class='ocr_par' dir='ltr' id='par_1_3' title="bbox 114 1505 2262 1699">
     <span class='ocr_line' id='line_1_11' title="bbox 114 1505 2262 1572; baseline 0 -20"><span class='ocrx_word' id='word_1_121' title='bbox 114 1505 256 1566; x_wconf 85' lang='lat' dir='ltr'>edita,</span> <span class='ocrx_word' id='word_1_122' title='bbox 277 1521 367 1554; x_wconf 88' lang='lat' dir='ltr'>non</span> <span class='ocrx_word' id='word_1_123' title='bbox 396 1508 539 1554; x_wconf 90' lang='lat' dir='ltr'>solum</span> <span class='ocrx_word' id='word_1_124' title='bbox 562 1523 851 1571; x_wconf 85' lang='lat' dir='ltr'>quaecunque</span> <span class='ocrx_word' id='word_1_125' title='bbox 873 1510 928 1556; x_wconf 93' lang='lat' dir='ltr'>de</span> <span class='ocrx_word' id='word_1_126' title='bbox 948 1510 1195 1559; x_wconf 88' lang='lat' dir='ltr'>scholiastis</span> <span class='ocrx_word' id='word_1_127' title='bbox 1216 1513 1391 1571; x_wconf 86' lang='lat' dir='ltr'>Virgilii</span> <span class='ocrx_word' id='word_1_128' title='bbox 1411 1515 1587 1572; x_wconf 87' lang='lat' dir='ltr'>cognita</span> <span class='ocrx_word' id='word_1_129' title='bbox 1606 1517 1709 1558; x_wconf 92' lang='lat' dir='ltr'>sunt</span> <span class='ocrx_word' id='word_1_130' title='bbox 1727 1525 1896 1557; x_wconf 86' lang='lat' dir='ltr'>summa</span> <span class='ocrx_word' id='word_1_131' title='bbox 1916 1524 2016 1555; x_wconf 85' lang='lat' dir='ltr'>cum</span> <span class='ocrx_word' id='word_1_132' title='bbox 2038 1508 2262 1567; x_wconf 84' lang='lat' dir='ltr'>diligentia</span> 
     </span>
     <span class='ocr_line' id='line_1_12' title="bbox 115 1573 2261 1635; baseline 0 -16"><span class='ocrx_word' id='word_1_133' title='bbox 115 1573 327 1634; x_wconf 79' lang='lat' dir='ltr'>collegit,</span> <span class='ocrx_word' id='word_1_134' title='bbox 359 1574 440 1622; x_wconf 86' lang='lat' dir='ltr'>sed</span> <span class='ocrx_word' id='word_1_135' title='bbox 479 1577 612 1621; x_wconf 87' lang='lat' dir='ltr'>etiam</span> <span class='ocrx_word' id='word_1_136' title='bbox 648 1578 874 1634; x_wconf 75' lang='lat' dir='ltr'>specimen</span> <span class='ocrx_word' id='word_1_137' title='bbox 909 1577 1171 1624; x_wconf 78' lang='lat' dir='ltr'>scholiorum</span> <span class='ocrx_word' id='word_1_138' title='bbox 1201 1578 1465 1621; x_wconf 74' lang='lat' dir='ltr'>ineditorum</span> <span class='ocrx_word' id='word_1_139' title='bbox 1508 1593 1567 1619; x_wconf 62' lang='lat' dir='ltr'>esc</span> <span class='ocrx_word' id='word_1_140' title='bbox 1597 1577 1775 1633; x_wconf 73' lang='lat' dir='ltr'>codiee,</span> <span class='ocrx_word' id='word_1_141' title='bbox 1824 1578 1896 1635; x_wconf 92' lang='lat' dir='ltr'>qui</span> <span class='ocrx_word' id='word_1_142' title='bbox 1924 1578 1971 1620; x_wconf 90' lang='lat' dir='ltr'>in</span> <span class='ocrx_word' id='word_1_143' title='bbox 1999 1574 2261 1620; x_wconf 84' lang='lat' dir='ltr'>bibliotheca</span> 
     </span>
     <span class='ocr_line' id='line_1_13' title="bbox 115 1636 2260 1706; baseline 0 -20"><span class='ocrx_word' id='word_1_144' title='bbox 115 1639 401 1706; x_wconf 68' lang='grc'>[0811006051</span> <span class='ocrx_word' id='word_1_145' title='bbox 421 1640 537 1685; x_wconf 86' lang='lat' dir='ltr'>inter</span> <span class='ocrx_word' id='word_1_146' title='bbox 555 1640 695 1684; x_wconf 88' lang='lat' dir='ltr'>libros</span> <span class='ocrx_word' id='word_1_147' title='bbox 715 1636 964 1683; x_wconf 90' lang='lat' dir='ltr'>Vossianos</span> <span class='ocrx_word' id='word_1_148' title='bbox 994 1644 1226 1696; x_wconf 86' lang='lat' dir='ltr'>servatur,</span> <span class='ocrx_word' id='word_1_149' title='bbox 1261 1637 1515 1699; x_wconf 79' lang='lat' dir='ltr'>publicavit.</span> <span class='ocrx_word' id='word_1_150' title='bbox 1584 1637 1759 1685; x_wconf 89' lang='lat' dir='ltr'>Deinde</span> <span class='ocrx_word' id='word_1_151' title='bbox 1783 1655 1898 1687; x_wconf 89' lang='lat' dir='ltr'>anno</span> <span class='ocrx_word' id='word_1_152' title='bbox 1935 1642 2060 1688; x_wconf 84' lang='lat'>1841</span> <span class='ocrx_word' id='word_1_153' title='bbox 2096 1654 2183 1700; x_wconf 89' lang='lat' dir='ltr'>ego</span> <span class='ocrx_word' id='word_1_154' title='bbox 2214 1642 2260 1686; x_wconf 92' lang='lat' dir='ltr'>in</span> 
     </span>
    </p>
   </div>
   <div class='ocr_carea' id='block_1_3' title="bbox 116 1696 2266 2237">
    <p class='ocr_par' dir='ltr' id='par_1_4' title="bbox 116 1696 2266 2234">
     <span class='ocr_line' id='line_1_14' title="bbox 117 1696 2264 1769; baseline 0 -17"><span class='ocrx_word' id='word_1_155' title='bbox 117 1696 478 1764; x_wconf 79' lang='lat' dir='ltr'>„Analectorum</span> <span class='ocrx_word' id='word_1_156' title='bbox 495 1704 832 1752; x_wconf 73' lang='lat' dir='ltr'>Bernensium‘·</span> <span class='ocrx_word' id='word_1_157' title='bbox 867 1703 1100 1766; x_wconf 88' lang='lat' dir='ltr'>particula</span> <span class='ocrx_word' id='word_1_158' title='bbox 1100 1706 1229 1750; x_wconf 86' lang='lat' dir='ltr'>tertia</span> <span class='ocrx_word' id='word_1_159' title='bbox 1261 1719 1322 1758; x_wconf 78' lang='lat' dir='ltr'>ex</span> <span class='ocrx_word' id='word_1_160' title='bbox 1343 1704 1496 1751; x_wconf 89' lang='lat' dir='ltr'>codice</span> <span class='ocrx_word' id='word_1_161' title='bbox 1515 1704 1733 1752; x_wconf 87' lang='lat' dir='ltr'>Bernensi</span> <span class='ocrx_word' id='word_1_162' title='bbox 1763 1708 1858 1754; x_wconf 90' lang='grc'>172</span> <span class='ocrx_word' id='word_1_163' title='bbox 1880 1709 2106 1769; x_wconf 88' lang='lat' dir='ltr'>specimen</span> <span class='ocrx_word' id='word_1_164' title='bbox 2127 1706 2264 1754; x_wconf 89' lang='lat' dir='ltr'>scho-</span> 
     </span>
     <span class='ocr_line' id='line_1_15' title="bbox 116 1763 2264 1835; baseline 0 -16"><span class='ocrx_word' id='word_1_165' title='bbox 116 1763 301 1831; x_wconf 83' lang='lat' dir='ltr'>liorum,</span> <span class='ocrx_word' id='word_1_166' title='bbox 337 1786 450 1832; x_wconf 86' lang='lat' dir='ltr'>quae</span> <span class='ocrx_word' id='word_1_167' title='bbox 464 1769 655 1818; x_wconf 91' lang='lat' dir='ltr'>scholiis</span> <span class='ocrx_word' id='word_1_168' title='bbox 687 1770 852 1817; x_wconf 85' lang='lat' dir='ltr'>codicis</span> <span class='ocrx_word' id='word_1_169' title='bbox 872 1770 1104 1830; x_wconf 88' lang='lat' dir='ltr'>Vossiani,</span> <span class='ocrx_word' id='word_1_170' title='bbox 1139 1771 1244 1817; x_wconf 91' lang='lat' dir='ltr'>mihi</span> <span class='ocrx_word' id='word_1_171' title='bbox 1271 1771 1346 1818; x_wconf 93' lang='lat' dir='ltr'>illo</span> <span class='ocrx_word' id='word_1_172' title='bbox 1369 1778 1568 1833; x_wconf 87' lang='lat' dir='ltr'>tempore</span> <span class='ocrx_word' id='word_1_173' title='bbox 1597 1774 1859 1832; x_wconf 72' lang='lat' dir='ltr'>incognitis,</span> <span class='ocrx_word' id='word_1_174' title='bbox 1891 1789 1970 1835; x_wconf 80' lang='lat' dir='ltr'>pei</span> <span class='ocrx_word' id='word_1_175' title='bbox 1975 1774 2118 1820; x_wconf 88' lang='grc'>5101116</span> <span class='ocrx_word' id='word_1_176' title='bbox 2147 1779 2264 1832; x_wconf 87' lang='lat' dir='ltr'>sunt,</span> 
     </span>
     <span class='ocr_line' id='line_1_16' title="bbox 118 1837 2265 1901; baseline 0 -16"><span class='ocrx_word' id='word_1_177' title='bbox 118 1838 250 1885; x_wconf 87' lang='lat' dir='ltr'>edidi.</span> <span class='ocrx_word' id='word_1_178' title='bbox 298 1837 461 1884; x_wconf 87' lang='lat' dir='ltr'>Codex</span> <span class='ocrx_word' id='word_1_179' title='bbox 480 1853 593 1885; x_wconf 83' lang='lat' dir='ltr'>vero</span> <span class='ocrx_word' id='word_1_180' title='bbox 615 1838 691 1884; x_wconf 89' lang='lat' dir='ltr'>ille</span> <span class='ocrx_word' id='word_1_181' title='bbox 713 1837 954 1883; x_wconf 83' lang='lat' dir='ltr'>Beruensis</span> <span class='ocrx_word' id='word_1_182' title='bbox 973 1838 1110 1883; x_wconf 89' lang='lat' dir='ltr'>multo</span> <span class='ocrx_word' id='word_1_183' title='bbox 1139 1838 1262 1900; x_wconf 90' lang='lat' dir='ltr'>plura</span> <span class='ocrx_word' id='word_1_184' title='bbox 1283 1844 1414 1899; x_wconf 87' lang='lat' dir='ltr'>atque</span> <span class='ocrx_word' id='word_1_185' title='bbox 1434 1838 1681 1886; x_wconf 90' lang='lat' dir='ltr'>Vossianus</span> <span class='ocrx_word' id='word_1_186' title='bbox 1703 1842 1919 1899; x_wconf 88' lang='lat' dir='ltr'>continet,</span> <span class='ocrx_word' id='word_1_187' title='bbox 1957 1839 2074 1901; x_wconf 90' lang='lat' dir='ltr'>quod</span> <span class='ocrx_word' id='word_1_188' title='bbox 2093 1840 2265 1886; x_wconf 88' lang='lat' dir='ltr'>collatis</span> 
     </span>
     <span class='ocr_line' id='line_1_17' title="bbox 117 1904 2265 1968; baseline 0 -16"><span class='ocrx_word' id='word_1_189' title='bbox 117 1906 346 1953; x_wconf 87' lang='lat' dir='ltr'>Analectis</span> <span class='ocrx_word' id='word_1_190' title='bbox 380 1907 492 1951; x_wconf 85' lang='lat' dir='ltr'>meis</span> <span class='ocrx_word' id='word_1_191' title='bbox 528 1919 629 1951; x_wconf 90' lang='lat' dir='ltr'>cum</span> <span class='ocrx_word' id='word_1_192' title='bbox 657 1904 907 1964; x_wconf 86' lang='lat' dir='ltr'>Suringarii</span> <span class='ocrx_word' id='word_1_193' title='bbox 949 1904 1157 1950; x_wconf 84' lang='lat' dir='ltr'>historiae</span> <span class='ocrx_word' id='word_1_194' title='bbox 1199 1907 1380 1951; x_wconf 88' lang='lat' dir='ltr'>criticae</span> <span class='ocrx_word' id='word_1_195' title='bbox 1421 1911 1532 1967; x_wconf 87' lang='lat' dir='ltr'>part.</span> <span class='ocrx_word' id='word_1_196' title='bbox 1563 1908 1609 1953; x_wconf 93' lang='grc'>2.</span> <span class='ocrx_word' id='word_1_197' title='bbox 1650 1920 1752 1967; x_wconf 89' lang='lat' dir='ltr'>pag.</span> <span class='ocrx_word' id='word_1_198' title='bbox 1784 1909 1895 1954; x_wconf 89' lang='grc'>272.</span> <span class='ocrx_word' id='word_1_199' title='bbox 1934 1920 2028 1967; x_wconf 86' lang='lat' dir='ltr'>sqq.</span> <span class='ocrx_word' id='word_1_200' title='bbox 2079 1908 2265 1968; x_wconf 88' lang='lat' dir='ltr'>quisque</span> 
     </span>
     <span class='ocr_line' id='line_1_18' title="bbox 118 1970 2266 2035; baseline -0.001 -16"><span class='ocrx_word' id='word_1_201' title='bbox 118 1972 348 2032; x_wconf 89' lang='lat' dir='ltr'>intelliget.</span> <span class='ocrx_word' id='word_1_202' title='bbox 401 1972 645 2018; x_wconf 89' lang='lat' dir='ltr'>Bernensis</span> <span class='ocrx_word' id='word_1_203' title='bbox 680 1970 825 2017; x_wconf 87' lang='grc' dir='ltr'>00116Χ</span> <span class='ocrx_word' id='word_1_204' title='bbox 859 1970 1054 2032; x_wconf 90' lang='lat' dir='ltr'>perbene</span> <span class='ocrx_word' id='word_1_205' title='bbox 1082 1971 1261 2017; x_wconf 88' lang='lat' dir='ltr'>saeculo</span> <span class='ocrx_word' id='word_1_206' title='bbox 1297 1971 1492 2030; x_wconf 88' lang='lat' dir='ltr'>decimo,</span> <span class='ocrx_word' id='word_1_207' title='bbox 1527 1977 1576 2018; x_wconf 94' lang='lat' dir='ltr'>ut</span> <span class='ocrx_word' id='word_1_208' title='bbox 1608 1972 1807 2032; x_wconf 83' lang='lat' dir='ltr'>videtur,</span> <span class='ocrx_word' id='word_1_209' title='bbox 1851 1974 2036 2035; x_wconf 90' lang='lat' dir='ltr'>scriptus</span> <span class='ocrx_word' id='word_1_210' title='bbox 2071 1975 2266 2019; x_wconf 88' lang='lat' dir='ltr'>continet</span> 
     </span>
     <span class='ocr_line' id='line_1_19' title="bbox 120 2037 2265 2117; baseline -0 -31"><span class='ocrx_word' id='word_1_211' title='bbox 120 2037 328 2100; x_wconf 75' lang='lat' dir='ltr'>eclogas,</span> <span class='ocrx_word' id='word_1_212' title='bbox 354 2039 592 2116; x_wconf 73' lang='lat' dir='ltr'>georgica.</span> <span class='ocrx_word' id='word_1_213' title='bbox 649 2037 879 2084; x_wconf 84' lang='lat' dir='ltr'>Aeneidos</span> <span class='ocrx_word' id='word_1_214' title='bbox 915 2044 1100 2098; x_wconf 84' lang='lat' dir='ltr'>quatuor</span> <span class='ocrx_word' id='word_1_215' title='bbox 1134 2039 1306 2100; x_wconf 84' lang='lat' dir='ltr'>priores</span> <span class='ocrx_word' id='word_1_216' title='bbox 1339 2038 1477 2085; x_wconf 89' lang='lat' dir='ltr'>libros</span> <span class='ocrx_word' id='word_1_217' title='bbox 1512 2044 1557 2084; x_wconf 87' lang='lat' dir='ltr'>et</span> <span class='ocrx_word' id='word_1_218' title='bbox 1591 2041 1788 2101; x_wconf 87' lang='lat' dir='ltr'>quintum</span> <span class='ocrx_word' id='word_1_219' title='bbox 1817 2054 1960 2117; x_wconf 78' lang='lat' dir='ltr'>usque</span> <span class='ocrx_word' id='word_1_220' title='bbox 1994 2039 2050 2086; x_wconf 90' lang='lat' dir='ltr'>ad</span> <span class='ocrx_word' id='word_1_221' title='bbox 2084 2053 2265 2086; x_wconf 89' lang='lat' dir='ltr'>versum</span> 
     </span>
     <span class='ocr_line' id='line_1_20' title="bbox 121 2103 2266 2168; baseline -0.001 -15"><span class='ocrx_word' id='word_1_222' title='bbox 121 2104 353 2153; x_wconf 79' lang='lat' dir='ltr'>852.1n</span> <span class='ocrx_word' id='word_1_223' title='bbox 397 2107 538 2168; x_wconf 89' lang='lat' dir='ltr'>primo</span> <span class='ocrx_word' id='word_1_224' title='bbox 573 2106 670 2151; x_wconf 84' lang='lat' dir='ltr'>eius</span> <span class='ocrx_word' id='word_1_225' title='bbox 713 2103 819 2150; x_wconf 90' lang='lat' dir='ltr'>folio</span> <span class='ocrx_word' id='word_1_226' title='bbox 855 2117 1018 2150; x_wconf 87' lang='lat' dir='ltr'>nomen</span> <span class='ocrx_word' id='word_1_227' title='bbox 1060 2104 1108 2151; x_wconf 79' lang='lat' dir='ltr'>P.</span> <span class='ocrx_word' id='word_1_228' title='bbox 1146 2105 1372 2164; x_wconf 84' lang='lat' dir='ltr'>Danielis,</span> <span class='ocrx_word' id='word_1_229' title='bbox 1423 2107 1583 2167; x_wconf 91' lang='lat' dir='ltr'>prioris</span> <span class='ocrx_word' id='word_1_230' title='bbox 1616 2109 1892 2167; x_wconf 89' lang='lat' dir='ltr'>possessoris</span> <span class='ocrx_word' id='word_1_231' title='bbox 1927 2106 2088 2166; x_wconf 86' lang='lat' dir='ltr'>legitur</span> <span class='ocrx_word' id='word_1_232' title='bbox 2107 2105 2184 2164; x_wconf 62' lang='lat'>³⁸²),</span> <span class='ocrx_word' id='word_1_233' title='bbox 2219 2107 2266 2151; x_wconf 89' lang='lat' dir='ltr'>in</span> 
     </span>
     <span class='ocr_line' id='line_1_21' title="bbox 123 2168 2266 2237; baseline -0.001 -17"><span class='ocrx_word' id='word_1_234' title='bbox 123 2168 319 2231; x_wconf 85' lang='grc'>56000110</span> <span class='ocrx_word' id='word_1_235' title='bbox 344 2172 577 2237; x_wconf 73' lang='lat' dir='ltr'>Octaviani</span> <span class='ocrx_word' id='word_1_236' title='bbox 600 2186 802 2219; x_wconf 88' lang='lat' dir='ltr'>carmen:</span> <span class='ocrx_word' id='word_1_237' title='bbox 838 2170 1070 2230; x_wconf 85' lang='lat' dir='ltr'>Ergone</span> <span class='ocrx_word' id='word_1_238' title='bbox 1106 2173 1387 2234; x_wconf 88' lang='lat' dir='ltr'>supremis</span> <span class='ocrx_word' id='word_1_239' title='bbox 1411 2178 1457 2218; x_wconf 88' lang='lat' dir='ltr'>et</span> <span class='ocrx_word' id='word_1_240' title='bbox 1477 2174 1571 2219; x_wconf 79' lang='lat' dir='ltr'>vita</span> <span class='ocrx_word' id='word_1_241' title='bbox 1594 2172 1795 2233; x_wconf 74' lang='lat' dir='ltr'>Virgilii,</span> <span class='ocrx_word' id='word_1_242' title='bbox 1834 2188 1947 2234; x_wconf 90' lang='lat' dir='ltr'>quae</span> <span class='ocrx_word' id='word_1_243' title='bbox 1969 2172 2025 2219; x_wconf 85' lang='grc'>611</span> <span class='ocrx_word' id='word_1_244' title='bbox 2043 2174 2266 2219; x_wconf 90' lang='lat' dir='ltr'>Donatum</span> 
     </span>
    </p>
   </div>
   <div class='ocr_carea' id='block_1_4' title="bbox 125 2228 2264 2367">
    <p class='ocr_par' dir='ltr' id='par_1_5' title="bbox 125 2228 2264 2367">
     <span class='ocr_line' id='line_1_22' title="bbox 125 2228 2264 2303; baseline -0 -17"><span class='ocrx_word' id='word_1_245' title='bbox 125 2230 362 2286; x_wconf 68' lang='grc'>6110101610</span> <span class='ocrx_word' id='word_1_246' title='bbox 381 2238 596 2298; x_wconf 86' lang='lat' dir='ltr'>refertur,</span> <span class='ocrx_word' id='word_1_247' title='bbox 634 2244 678 2284; x_wconf 91' lang='lat' dir='ltr'>et</span> <span class='ocrx_word' id='word_1_248' title='bbox 712 2239 798 2285; x_wconf 87' lang='lat' dir='ltr'>alia</span> <span class='ocrx_word' id='word_1_249' title='bbox 828 2252 918 2283; x_wconf 90' lang='lat' dir='ltr'>non</span> <span class='ocrx_word' id='word_1_250' title='bbox 961 2239 1136 2297; x_wconf 88' lang='lat' dir='ltr'>integra</span> <span class='ocrx_word' id='word_1_251' title='bbox 1172 2238 1396 2286; x_wconf 82' lang='lat' dir='ltr'>vita.1n</span> <span class='ocrx_word' id='word_1_252' title='bbox 1438 2228 1651 2287; x_wconf 86' lang='lat' dir='ltr'>inferiore</span> <span class='ocrx_word' id='word_1_253' title='bbox 1694 2241 1885 2303; x_wconf 85' lang='lat' dir='ltr'>paginae</span> <span class='ocrx_word' id='word_1_254' title='bbox 1927 2245 2051 2302; x_wconf 85' lang='lat' dir='ltr'>parte</span> <span class='ocrx_word' id='word_1_255' title='bbox 2085 2251 2264 2286; x_wconf 87' lang='lat' dir='ltr'>carmen</span> 
     </span>
     <span class='ocr_line' id='line_1_23' title="bbox 127 2304 1153 2367; baseline -0.003 -14"><span class='ocrx_word' id='word_1_256' title='bbox 127 2305 440 2354; x_wconf 87' lang='lat' dir='ltr'>dedicatorium</span> <span class='ocrx_word' id='word_1_257' title='bbox 473 2306 540 2353; x_wconf 90' lang='grc'>1115</span> <span class='ocrx_word' id='word_1_258' title='bbox 574 2304 727 2353; x_wconf 89' lang='lat' dir='ltr'>verbis</span> <span class='ocrx_word' id='word_1_259' title='bbox 763 2304 1028 2367; x_wconf 85' lang='lat' dir='ltr'>adscriptum</span> <span class='ocrx_word' id='word_1_260' title='bbox 1064 2311 1153 2350; x_wconf 90' lang='lat' dir='ltr'>est:</span> 
     </span>
    </p>
   </div>
   <div class='ocr_carea' id='block_1_5' title="bbox 129 2389 2267 2842">
    <p class='ocr_par' dir='ltr' id='par_1_6' title="bbox 664 2389 1671 2436">
     <span class='ocr_line' id='line_1_24' title="bbox 664 2389 1671 2436; baseline 0.001 -10"><span class='ocrx_word' id='word_1_261' title='bbox 664 2389 819 2426; x_wconf 86' lang='lat' dir='ltr'>Contulit</span> <span class='ocrx_word' id='word_1_262' title='bbox 847 2389 938 2425; x_wconf 87' lang='lat' dir='ltr'>alme</span> <span class='ocrx_word' id='word_1_263' title='bbox 969 2389 1031 2425; x_wconf 90' lang='lat' dir='ltr'>tihi</span> <span class='ocrx_word' id='word_1_264' title='bbox 1060 2393 1160 2436; x_wconf 86' lang='lat' dir='ltr'>pater</span> <span class='ocrx_word' id='word_1_265' title='bbox 1188 2389 1280 2425; x_wconf 88' lang='lat' dir='ltr'>hunc</span> <span class='ocrx_word' id='word_1_266' title='bbox 1308 2389 1493 2427; x_wconf 85' lang='lat' dir='ltr'>Benedicte</span> <span class='ocrx_word' id='word_1_267' title='bbox 1520 2389 1671 2428; x_wconf 85' lang='lat' dir='ltr'>libellum</span> 
     </span>
    </p>

    <p class='ocr_par' dir='ltr' id='par_1_7' title="bbox 129 2444 2267 2842">
     <span class='ocr_line' id='line_1_25' title="bbox 663 2444 1563 2490; baseline 0 -10"><span class='ocrx_word' id='word_1_268' title='bbox 663 2445 852 2481; x_wconf 87' lang='lat' dir='ltr'>Ildemarus</span> <span class='ocrx_word' id='word_1_269' title='bbox 882 2446 1037 2480; x_wconf 84' lang='lat' dir='ltr'>alumnus</span> <span class='ocrx_word' id='word_1_270' title='bbox 1067 2448 1102 2479; x_wconf 85' lang='lat' dir='ltr'>et</span> <span class='ocrx_word' id='word_1_271' title='bbox 1130 2444 1207 2490; x_wconf 87' lang='lat' dir='ltr'>ipse</span> <span class='ocrx_word' id='word_1_272' title='bbox 1235 2448 1313 2480; x_wconf 86' lang='lat' dir='ltr'>tuus</span> <span class='ocrx_word' id='word_1_273' title='bbox 1342 2448 1563 2481; x_wconf 82' lang='lat' dir='ltr'>monazonta.</span> 
     </span>
     <span class='ocr_line' id='line_1_26' title="bbox 129 2512 2265 2574; baseline -0.001 -12"><span class='ocrx_word' id='word_1_274' title='bbox 129 2517 177 2564; x_wconf 89' lang='lat' dir='ltr'>ln</span> <span class='ocrx_word' id='word_1_275' title='bbox 196 2518 325 2562; x_wconf 86' lang='lat' dir='ltr'>tertio</span> <span class='ocrx_word' id='word_1_276' title='bbox 347 2515 452 2561; x_wconf 87' lang='lat' dir='ltr'>folio</span> <span class='ocrx_word' id='word_1_277' title='bbox 474 2515 683 2561; x_wconf 87' lang='lat' dir='ltr'>nonnulla</span> <span class='ocrx_word' id='word_1_278' title='bbox 718 2514 816 2573; x_wconf 81' lang='lat' dir='ltr'>„de-</span> <span class='ocrx_word' id='word_1_279' title='bbox 836 2513 988 2573; x_wconf 88' lang='lat' dir='ltr'>figuris</span> <span class='ocrx_word' id='word_1_280' title='bbox 1012 2513 1322 2559; x_wconf 67' lang='grc' dir='ltr'>6166001100ίί</span> <span class='ocrx_word' id='word_1_281' title='bbox 1357 2512 1587 2572; x_wconf 87' lang='lat' dir='ltr'>leguntur,</span> <span class='ocrx_word' id='word_1_282' title='bbox 1620 2528 1732 2574; x_wconf 87' lang='lat' dir='ltr'>quae</span> <span class='ocrx_word' id='word_1_283' title='bbox 1752 2513 2062 2573; x_wconf 85' lang='lat' dir='ltr'>coniungenda</span> <span class='ocrx_word' id='word_1_284' title='bbox 2093 2527 2191 2558; x_wconf 90' lang='lat' dir='ltr'>cum</span> <span class='ocrx_word' id='word_1_285' title='bbox 2210 2513 2265 2560; x_wconf 92' lang='lat' dir='ltr'>iis</span> 
     </span>
     <span class='ocr_line' id='line_1_27' title="bbox 131 2579 2267 2642; baseline -0.002 -13"><span class='ocrx_word' id='word_1_286' title='bbox 131 2597 232 2630; x_wconf 91' lang='lat' dir='ltr'>esse</span> <span class='ocrx_word' id='word_1_287' title='bbox 265 2582 494 2642; x_wconf 85' lang='lat' dir='ltr'>videntur,</span> <span class='ocrx_word' id='word_1_288' title='bbox 528 2584 707 2642; x_wconf 86' lang='lat' dir='ltr'>quaein</span> <span class='ocrx_word' id='word_1_289' title='bbox 728 2580 926 2627; x_wconf 89' lang='lat' dir='ltr'>eiusdem</span> <span class='ocrx_word' id='word_1_290' title='bbox 962 2580 1126 2627; x_wconf 90' lang='lat' dir='ltr'>codicis</span> <span class='ocrx_word' id='word_1_291' title='bbox 1146 2579 1239 2625; x_wconf 89' lang='lat' dir='ltr'>folii</span> <span class='ocrx_word' id='word_1_292' title='bbox 1260 2581 1461 2626; x_wconf 85' lang='lat' dir='ltr'>vicesimi</span> <span class='ocrx_word' id='word_1_293' title='bbox 1491 2581 1606 2625; x_wconf 88' lang='lat' dir='ltr'>tertii</span> <span class='ocrx_word' id='word_1_294' title='bbox 1626 2581 1786 2642; x_wconf 86' lang='lat' dir='ltr'>pagina</span> <span class='ocrx_word' id='word_1_295' title='bbox 1822 2579 2013 2626; x_wconf 87' lang='lat' dir='ltr'>adversa</span> <span class='ocrx_word' id='word_1_296' title='bbox 2034 2580 2088 2625; x_wconf 86' lang='lat' dir='ltr'>de</span> <span class='ocrx_word' id='word_1_297' title='bbox 2112 2579 2267 2626; x_wconf 87' lang='lat' dir='ltr'>eadem</span> 
     </span>
     <span class='ocr_line' id='line_1_28' title="bbox 131 2646 2267 2708; baseline -0.002 -12"><span class='ocrx_word' id='word_1_298' title='bbox 131 2665 180 2696; x_wconf 90' lang='lat' dir='ltr'>re</span> <span class='ocrx_word' id='word_1_299' title='bbox 214 2649 431 2708; x_wconf 87' lang='lat' dir='ltr'>leguntur.</span> <span class='ocrx_word' id='word_1_300' title='bbox 501 2648 712 2703; x_wconf 85' lang='lat' dir='ltr'>Quartum</span> <span class='ocrx_word' id='word_1_301' title='bbox 745 2647 897 2696; x_wconf 76' lang='lat' dir='ltr'>[olium</span> <span class='ocrx_word' id='word_1_302' title='bbox 930 2662 1121 2693; x_wconf 86' lang='lat' dir='ltr'>vacuum</span> <span class='ocrx_word' id='word_1_303' title='bbox 1156 2652 1246 2704; x_wconf 87' lang='lat' dir='ltr'>est,</span> <span class='ocrx_word' id='word_1_304' title='bbox 1282 2647 1328 2691; x_wconf 90' lang='lat' dir='ltr'>in</span> <span class='ocrx_word' id='word_1_305' title='bbox 1364 2647 1512 2707; x_wconf 92' lang='lat' dir='ltr'>quinto</span> <span class='ocrx_word' id='word_1_306' title='bbox 1547 2647 1612 2692; x_wconf 93' lang='grc'>47</span> <span class='ocrx_word' id='word_1_307' title='bbox 1644 2648 1811 2708; x_wconf 89' lang='lat' dir='ltr'>primae</span> <span class='ocrx_word' id='word_1_308' title='bbox 1846 2646 2031 2706; x_wconf 88' lang='lat' dir='ltr'>eclogae</span> <span class='ocrx_word' id='word_1_309' title='bbox 2068 2663 2094 2693; x_wconf 89' lang='grc'>6</span> <span class='ocrx_word' id='word_1_310' title='bbox 2134 2661 2267 2692; x_wconf 87' lang='grc'>10600</span> 
     </span>
     <span class='ocr_line' id='line_1_29' title="bbox 132 2712 2266 2776; baseline -0.002 -14"><span class='ocrx_word' id='word_1_311' title='bbox 132 2717 380 2762; x_wconf 86' lang='lat' dir='ltr'>recentiore</span> <span class='ocrx_word' id='word_1_312' title='bbox 415 2716 562 2776; x_wconf 76' lang='lat' dir='ltr'>scripti</span> <span class='ocrx_word' id='word_1_313' title='bbox 581 2728 740 2761; x_wconf 88' lang='lat' dir='ltr'>versus</span> <span class='ocrx_word' id='word_1_314' title='bbox 774 2714 1004 2773; x_wconf 87' lang='lat' dir='ltr'>leguntur,</span> <span class='ocrx_word' id='word_1_315' title='bbox 1042 2726 1150 2774; x_wconf 88' lang='lat' dir='ltr'>quos</span> <span class='ocrx_word' id='word_1_316' title='bbox 1185 2712 1381 2773; x_wconf 85' lang='lat' dir='ltr'>reliquae</span> <span class='ocrx_word' id='word_1_317' title='bbox 1408 2712 1593 2772; x_wconf 89' lang='lat' dir='ltr'>eclogae</span> <span class='ocrx_word' id='word_1_318' title='bbox 1627 2727 1727 2758; x_wconf 81' lang='lat' dir='ltr'>cuni</span> <span class='ocrx_word' id='word_1_319' title='bbox 1764 2712 1965 2771; x_wconf 75' lang='lat' dir='ltr'>scholiis,</span> <span class='ocrx_word' id='word_1_320' title='bbox 2001 2712 2105 2759; x_wconf 90' lang='lat' dir='ltr'>folia</span> <span class='ocrx_word' id='word_1_321' title='bbox 2125 2726 2266 2773; x_wconf 86' lang='lat' dir='ltr'>usque</span> 
     </span>
     <span class='ocr_line' id='line_1_30' title="bbox 136 2778 2266 2842; baseline -0.003 -13"><span class='ocrx_word' id='word_1_322' title='bbox 136 2782 190 2829; x_wconf 87' lang='lat' dir='ltr'>ad</span> <span class='ocrx_word' id='word_1_323' title='bbox 225 2783 485 2828; x_wconf 86' lang='lat' dir='ltr'>vicesimum</span> <span class='ocrx_word' id='word_1_324' title='bbox 529 2781 769 2827; x_wconf 89' lang='lat' dir='ltr'>secundum</span> <span class='ocrx_word' id='word_1_325' title='bbox 813 2786 1100 2842; x_wconf 84' lang='lat' dir='ltr'>occupantes,</span> <span class='ocrx_word' id='word_1_326' title='bbox 1155 2785 1410 2840; x_wconf 83' lang='lat' dir='ltr'>sequuntur.</span> <span class='ocrx_word' id='word_1_327' title='bbox 1446 2806 1512 2813; x_wconf 89' lang='lat'>—-</span> <span class='ocrx_word' id='word_1_328' title='bbox 1557 2778 1669 2825; x_wconf 91' lang='lat' dir='ltr'>Tum</span> <span class='ocrx_word' id='word_1_329' title='bbox 1716 2778 1950 2826; x_wconf 74' lang='lat' dir='ltr'>Diibnerus</span> <span class='ocrx_word' id='word_1_330' title='bbox 1995 2780 2176 2826; x_wconf 86' lang='lat' dir='ltr'>Parisiis</span> <span class='ocrx_word' id='word_1_331' title='bbox 2220 2780 2266 2824; x_wconf 93' lang='lat' dir='ltr'>in</span> 
     </span>
    </p>
   </div>
   <div class='ocr_carea' id='block_1_6' title="bbox 266 2985 2083 3041">
    <p class='ocr_par' dir='ltr' id='par_1_8' title="bbox 266 2985 2083 3044">
     <span class='ocr_line' id='line_1_31' title="bbox 266 2985 2083 3041; baseline -0.002 -13"><span class='ocrx_word' id='word_1_332' title='bbox 266 2992 306 3037; x_wconf 71' lang='lat' dir='ltr'>*J</span> <span class='ocrx_word' id='word_1_333' title='bbox 334 2992 424 3028; x_wconf 86' lang='lat' dir='ltr'>Vide</span> <span class='ocrx_word' id='word_1_334' title='bbox 449 2986 522 3028; x_wconf 86' lang='lat' dir='ltr'>boc</span> <span class='ocrx_word' id='word_1_335' title='bbox 550 3002 674 3028; x_wconf 91' lang='lat' dir='ltr'>nomen</span> <span class='ocrx_word' id='word_1_336' title='bbox 704 2991 977 3039; x_wconf 83' lang='lat' dir='ltr'>lithographices</span> <span class='ocrx_word' id='word_1_337' title='bbox 1007 3002 1076 3039; x_wconf 88' lang='lat' dir='ltr'>ope</span> <span class='ocrx_word' id='word_1_338' title='bbox 1106 2991 1280 3041; x_wconf 79' lang='lat' dir='ltr'>depictum</span> <span class='ocrx_word' id='word_1_339' title='bbox 1309 2990 1342 3027; x_wconf 89' lang='lat' dir='ltr'>in</span> <span class='ocrx_word' id='word_1_340' title='bbox 1372 2990 1623 3029; x_wconf 80' lang='lat' dir='ltr'>Analectorum</span> <span class='ocrx_word' id='word_1_341' title='bbox 1652 2991 1734 3028; x_wconf 85' lang='lat' dir='ltr'>Tab.</span> <span class='ocrx_word' id='word_1_342' title='bbox 1768 2989 1840 3028; x_wconf 88' lang='lat' dir='ltr'>V11.</span> <span class='ocrx_word' id='word_1_343' title='bbox 1872 2989 2014 3036; x_wconf 81' lang='lat' dir='ltr'>specim.</span> <span class='ocrx_word' id='word_1_344' title='bbox 2045 2985 2083 3025; x_wconf 88' lang='grc'>8.</span> 
     </span>
    </p>
   </div>
  </div>
 </body>
</html>
