2430 3177
1114 128 1122 133 κ
1153 103 1184 148 5

103 232 266 274 Dativus
296 231 399 273 enim
427 242 500 284 pro
529 230 698 271 ablativo
728 229 879 283 positus
911 233 982 270 est.
1003 253 1058 259 -—-
1078 228 1232 281 Mopse
1260 243 1388 270 novas
1418 232 1559 271 incide
1584 234 1722 284 faces,
1753 233 1964 289 allegorice
1985 236 2034 276 ad
2053 237 2256 291 Virgilium
2311 270 2316 271 κ

102 288 272 342 respicit.
336 285 432 325 Tibi
461 286 632 325 ducitur
650 287 705 336 ⁶³)
736 298 860 329 uxor,
889 284 1048 335 inlicita,
1080 287 1292 337 superstite
1322 287 1406 327 eius
1437 287 1535 327 viro.

234 343 302 382 Vs.
332 339 397 383 30.
461 341 627 392 Sparye
654 340 801 378 marite
829 352 967 379 nuces.
1025 340 1082 380 Ita
1110 341 1210 379 enim
1241 342 1368 393 primo
1398 341 1545 383 factum
1570 348 1652 393 est,
1694 344 1850 396 quando
1879 344 1977 385 Iuno
2006 345 2087 386 Iovi
2123 347 2254 390 iuncta

103 401 175 448 est,
204 401 249 437 ut
267 397 473 447 Homerus,
505 401 544 436 et
574 395 715 435 abhinc
741 394 842 446 apud
874 397 1056 446 antiquos
1087 395 1208 435 moris
1238 395 1310 436 fuit
1338 398 1378 436 in
1406 398 1551 449 nuptiis
1581 410 1702 439 nuces
1733 411 1921 453 spargere
1949 406 2108 453 propter
2126 415 2252 443 vene-

102 452 201 494 ficia.
263 451 430 504 Spar-qe
459 451 604 494 marite
632 462 769 493 nuces,
800 450 963 503 Virgilio
993 463 1088 503 para
1117 450 1314 490 laetitiam.
1361 449 1457 489 Tibi
1476 452 1646 504 deserit,
1676 455 1715 493 in
1745 459 1854 494 tuum
1883 456 2074 496 honorem
2103 457 2250 510 incipit.

101 506 328 559 Hesperus,
358 507 489 556 stella,
519 505 559 545 id
589 509 650 544 est
672 517 754 545 nox
783 505 906 545 adest.
971 504 1140 548 Oetam,
1172 517 1286 545 mons
1316 506 1560 557 Thessaliae,
1593 507 1697 548 unde
1725 510 1924 561 Hesperus
1956 512 2090 562 oritur,
2122 512 2161 552 id
2192 519 2253 553 est

99 574 254 615 vesper.
284 585 338 592 -
370 561 535 612 Sparye
562 559 709 598 marite
737 572 881 603 nuces,
912 560 950 599 id
982 566 1062 600 est:
1094 560 1230 600 desine
1257 561 1334 600 iam
1363 561 1530 601 nucibus
1560 562 1719 612 ludere,
1752 566 1836 604 sive
1865 566 1955 616 quia
1983 578 2070 607 mos
2102 573 2184 607 erat
2211 569 2250 608 in

98 619 242 670 nuptiis
271 628 391 656 nuces
420 627 610 668 spargere
629 617 699 663 ⁶⁴).
745 612 842 652 Tibi
861 614 1016 653 deserit
1035 614 1248 665 Hesperus
1278 614 1423 654 Oetam
1444 619 1500 664 ⁵⁵)
1531 617 1570 657 id
1599 623 1659 657 est
1689 618 1780 659 dum
1801 620 1945 660 occidit
1963 624 2018 667 66)
2049 622 2251 674 Hesperus

99 672 192 722 tibi,
231 672 414 722 relinquit
442 670 579 711 Oetam
609 673 782 710 montem
814 669 1041 710 Thessaliae
1078 671 1156 710 tuis
1187 671 1440 722 utilitatibuS,
1482 684 1563 712 nox
1600 675 1847 725 supervenit3
1886 675 1950 714 vel
1988 675 2055 714 tibi
2091 677 2249 728 deserit,

98 727 201 767 sicut
228 726 292 767 alii
320 726 470 775 volunt,
504 724 667 766 oriendo
677 737 689 774 3
718 725 918 777 Hesperus
950 726 1053 766 enim
1083 731 1121 766 et
1138 725 1293 766 Lucifer
1321 726 1426 766 idem
1446 738 1536 767 esse
1556 727 1709 779 dicitur,
1742 728 1883 770 dicitur
1902 733 2031 770 autem
2050 730 2250 784 Hesperus

98 793 256 836 graece,
286 781 407 821 latine
434 781 597 832 Vesper.
628 802 682 809 —-

206 836 275 876 Vs.
306 833 372 876 32.
437 834 475 874 Ο
505 835 637 886 difflzo
670 835 896 873 coniuncta
924 835 1026 875 viro.
1084 835 1157 875 Per
1184 835 1348 877 ironiam
1381 836 1473 876 dicit
1499 836 1577 878 hoc
1596 837 1811 879 deridendo
1839 839 1904 879 vel
1933 839 2092 892 antiquo
2122 853 2248 881 voca-

96 891 202 934 bulo.
258 888 370 929 Dum
399 890 586 941 despicis
615 902 776 935 omnes;
815 889 907 929 dum
947 891 1050 930 enim
1088 892 1173 942 ipse
1213 890 1448 943 despicitur,
1486 904 1624 933 omnes
1667 893 1816 945 despici
1845 899 1966 946 putat.
1997 919 2049 923 —
2081 896 2251 937 Difficile

96 952 157 988 est
183 958 255 999 per
284 946 440 999 singula
469 949 525 993 ⁶⁷)
558 945 788 998 allegoriam
817 957 935 984 unam
966 947 1135 994 servari3
1166 945 1257 985 inde
1287 947 1626 998 considerandum,
1658 954 1787 988 utrum
1817 962 1888 1002 per
1917 950 2072 1003 singula
2102 952 2152 992 sit
2179 952 2247 991 in-

96 1001 286 1054 quirenda
308 1001 509 1055 allegoria,
540 1011 685 1047 annon,
714 1004 753 1039 et
771 1005 901 1039 utrum
924 1000 1078 1040 diversa
1099 1001 1286 1053 allegoria
1308 1002 1347 1040 in
1368 1001 1505 1041 iisdem
1522 1005 1578 1050 6ὃ)
1609 1004 1788 1055 personis
1819 1017 1889 1057 per
1910 1004 2063 1045 diversa
2083 1006 2247 1047 loca.—

206 1057 273 1097 Vs.
304 1053 371 1097 33.
428 1053 620 1107 Dumque
650 1052 732 1091 tibi
761 1059 821 1092 est
851 1054 952 1092 odio
984 1067 1071 1092 mea
1095 1054 1254 1106 fistula,
1284 1055 1324 1094 id
1354 1062 1415 1095 est
1441 1069 1572 1096 meum
1593 1070 1764 1097 carmen.
1782 1059 2029 1105 —Fistulffi
2058 1062 2248 1102 rusticum

96 1123 253 1154 carmen
284 1111 369 1151 sive
397 1110 572 1151 studium
600 1108 760 1161 humile,
791 1109 831 1149 id
862 1115 922 1150 est
951 1110 1240 1162 patrimonium.
1272 1133 1324 1138 —
1354 1108 1547 1164 Dumque
1577 1112 1766 1164 capellae
1795 1119 1907 1164 sunt3
1948 1116 2135 1168 capellae,
2164 1116 2247 1156 hu-

95 1166 185 1208 mile
211 1166 503 1221 patrimonium.
682 1187 691 1192 -

226 1221 293 1262 Vs.
325 1218 390 1262 34.
451 1220 684 1267 Hirsutum,
713 1220 802 1272 pilis
832 1220 1042 1273 hispidum.
1100 1220 1316 1262 Promissa
1348 1222 1488 1267 barba,
1519 1224 1708 1276 pendens,
1740 1225 1805 1265 vel
1833 1225 1994 1266 inculta.

225 1277 294 1316 Vs.
324 1274 390 1318 35.
448 1274 540 1314 Nec
569 1287 712 1314 curare
741 1275 858 1313 deum
900 1277 1035 1315 credis
1071 1277 1268 1316 mortalia
1305 1292 1556 1331 quemquam,
1616 1280 1743 1319 Deum
1782 1292 1853 1333 pro
1885 1281 2048 1322 deorum
2090 1281 2244 1333 posuit3

94 1331 189 1373 dicit
212 1331 290 1372 hoc
319 1331 518 1380 minando,
550 1330 590 1370 id
620 1335 701 1370 est:
731 1342 810 1370 non
841 1336 968 1383 putas,
1001 1332 1106 1383 quod
1138 1332 1189 1372 dii
1221 1334 1308 1374 talia
1340 1334 1603 1374 considerant.
1633 1358 1689 1364 —
1717 1333 1810 1373 Nec
1839 1348 1983 1373 curare
2012 1335 2130 1374 deum
2162 1348 2244 1375 crc-

93 1387 159 1427 dis
188 1385 385 1425 mortalia
415 1398 664 1439 quemquam.
703 1385 785 1424 Nisi
817 1387 941 1426 virum
968 1388 1110 1436 istum3
1143 1393 1234 1428 sunt
1265 1389 1368 1428 enim
1398 1389 1475 1438 alii,
1506 1390 1573 1440 qui
1601 1402 1682 1429 non
1712 1390 1876 1430 credunt
1905 1402 1996 1431 esse
2026 1391 2136 1432 deos.

225 1442 271 1482 V.
302 1439 369 1482 37.
431 1439 611 1493 Sepibus
642 1440 685 1478 in
713 1441 881 1480 nostris.
940 1442 1026 1482 Non
1056 1455 1212 1495 semper
1240 1444 1410 1495 superba
1439 1444 1560 1484 fuisti.
1618 1443 1819 1490 Part-am,
1850 1447 2063 1498 exprobrat
2091 1451 2246 1487 veteres

92 1507 188 1538 suos
216 1508 373 1537 amores
403 1502 443 1538 et
470 1497 690 1549 incongrue
719 1495 812 1535 dicit
840 1507 886 1536 se
915 1502 1194 1550 contemptum.
1253 1498 1377 1539 Maior
1405 1499 1544 1539 iniuria
1565 1501 1617 1548 ⁶⁹)
1647 1500 1712 1540 hic
1740 1505 1924 1553 apparet,
1961 1514 2050 1540 cum
2089 1502 2136 1542 ab
2176 1503 2244 1541 in-

91 1551 214 1593 fantia
242 1564 378 1593 secum
406 1552 491 1592 fuit.
549 1554 731 1589 lus-mus
762 1550 867 1590 dicit.
899 1574 951 1579 —
984 1550 1166 1603 Sepibus
1197 1553 1241 1590 iu
1269 1555 1450 1606 uostris,
1490 1555 1552 1594 vel
1581 1556 1684 1595 circa
1715 1566 1854 1608 sepeS,
1898 1556 1959 1595 vel
1986 1558 2110 1609 prima
2140 1569 2244 1597 con-

90 1607 290 1648 iunctione
316 1608 476 1656 amoris,
506 1606 570 1646 vel
598 1607 637 1645 in
667 1610 804 1645 nostra
832 1606 986 1658 vicinia,
1018 1620 1119 1660 quae
1148 1612 1208 1648 est
1237 1609 1362 1649 maior
1390 1610 1544 1660 iniuria,
1574 1614 1731 1650 veteres
1761 1611 1904 1650 etenim
1935 1611 2062 1651 eidem
2091 1624 2246 1653 amores

91 1662 316 1715 exprobrat.
375 1660 580 1704 Roscida,
610 1672 741 1701 rorem
770 1660 967 1700 habentia.
1000 1685 1054 1691 —

223 1717 291 1758 Vs.
320 1715 387 1759 38.
445 1715 552 1754 Dua:
577 1728 654 1767 eqo
686 1719 817 1754 cester
847 1727 968 1764 eram,
999 1729 1077 1771 ego
1104 1716 1216 1757 vobis
1248 1717 1433 1759 ducatum
1462 1719 1650 1773 regebam
1679 1721 1743 1761 vel
1770 1720 2054 1774 praecedebam
2072 1724 2127 1772 ⁷⁰)
2159 1734 2242 1764 vos.

89 1771 316 1828 Allegorice
345 1783 482 1825 capras
505 1775 559 1820 Ἡ)
591 1781 685 1811 suas
717 1770 940 1822 alloquitur.
971 1794 1025 1801 —-
1054 1769 1293 1824 Lemurem,
1325 1774 1575 1828 colligentem
1603 1775 1665 1816 vel
1696 1775 1936 1817 deliciosam.
1967 1798 2023 1804 ——
2118 1791 2121 1794 ⁴

222 1828 290 1870 Vs.
320 1825 384 1869 39.
449 1825 549 1865 Tum
577 1838 637 1863 me
667 1826 747 1863 iam
778 1831 1012 1879 acceperat,
1043 1827 1200 1879 quando
1231 1829 1486 1870 convenimus
1509 1832 1572 1878 ⁷2).

220 1883 288 1924 Vs.
319 1880 387 1923 40.
446 1880 654 1933 Frayiles,
688 1880 892 1920 flexibiles.
953 1879 1040 1919 Iam
1067 1882 1247 1933 frayz’lcs
1276 1889 1479 1935 poteram,
1514 1889 1607 1925 tunc
1636 1897 1712 1939 ego
1741 1885 1892 1925 iuvenis
1925 1898 2045 1929 eram.
2076 1910 2130 1916 ——

221 1939 289 1978 Vs.
317 1936 384 1978 41.
451 1937 507 1976 Ut
540 1935 639 1978 cicli,
667 1947 772 1984 moX,
804 1936 947 1976 statim.
999 1936 1054 1975 Ut
1071 1938 1196 1987 perii,
1226 1938 1265 1978 id
1295 1945 1355 1979 est
1383 1939 1508 1980 valde.
1559 1939 1613 1978 Ut
1642 1953 1715 1984 me,
1745 1940 1863 1990 idem,
1897 1942 2240 1994 quemadmodum.

90 1992 229 2033 Malus
261 1991 436 2032 abstulit
465 2003 592 2034 error,
624 1991 715 2042 quia
743 1991 855 2042 inpar
884 2002 996 2031 amor
1025 1997 1063 2031 et
1081 2003 1162 2031 non
1181 1994 1424 2047 reciprocus.
1444 2017 1498 2023 —-
1525 1994 1580 2034 Ut
1601 1996 1705 2047 vidi,
1733 2000 1780 2034 ut
1796 1997 1924 2047 perii,
1953 1997 1992 2037 id
2023 2002 2103 2038 est:
2134 2011 2241 2049 mox,

87 2055 131 2090 ut
159 2054 198 2089 te
226 2048 318 2099 vidi,
349 2060 485 2089 amore
514 2051 581 2086 tuo
612 2046 783 2099 elangui.
843 2044 986 2084 Malus
1018 2059 1145 2086 error.
1213 2048 1274 2087 Ex
1313 2049 1416 2089 malo
1455 2061 1591 2090 errore
1618 2051 1764 2090 bonum
1795 2064 1971 2092 errorem
2011 2054 2239 2094 conicimus.

88 2103 229 2143 Malus
260 2116 400 2148 error,
428 2103 468 2143 id
499 2106 559 2142 est
586 2101 711 2141 malus
743 2112 875 2151 amor3
904 2103 1038 2155 putavi
1067 2102 1183 2154 enim,
1216 2103 1322 2156 quod
1352 2116 1440 2145 mea
1467 2117 1592 2156 esseS,
1623 2110 1662 2146 et
1690 2118 1769 2146 non
1800 2108 1964 2159 amasti,
1992 2107 2064 2148 sed
2092 2110 2132 2148 in
2162 2108 2239 2149 de-

57 2174 60 2175 ’
86 2164 265 2214 spectum
294 2171 360 2199 me
390 2159 526 2199 habes.

218 2215 286 2255 Vs.
316 2211 381 2255 43.
440 2211 566 2251 Nunc
601 2211 703 2252 scio.
767 2211 854 2251 Hoc
892 2210 1156 2253 definitionem
1192 2215 1336 2255 amoris
1375 2216 1494 2268 ponit.
1562 2214 1689 2255 Nunc
1723 2217 1835 2263 scio,
1875 2216 1979 2269 quid
2016 2217 2073 2256 sit
2111 2230 2238 2261 amor,

85 2281 204 2322 quam
233 2268 370 2320 durus,
400 2269 463 2309 vel
492 2279 614 2320 quare
642 2272 722 2307 tam
752 2266 886 2307 durus.
927 2265 1072 2312 Duris,
1101 2268 1177 2310 hoc
1202 2282 1282 2309 non
1314 2270 1362 2310 de
1393 2272 1520 2322 nobis,
1552 2272 1624 2312 sed
1655 2272 1703 2312 de
1722 2272 1850 2320 duris;
1881 2272 1992 2326 dura,
2025 2284 2128 2325 quae
2155 2285 2237 2314 non

85 2325 324 2375 molliuntur,
356 2329 606 2378 generantur.
670 2319 858 2365 cotibus,
889 2323 1010 2362 saxis.
1070 2323 1175 2364 Cotis
1206 2324 1248 2364 fit
1276 2325 1503 2366 diminutive
1532 2327 1710 2367 coticula.
1741 2350 1794 2355 ——

218 2380 284 2420 Vs.
313 2378 380 2420 44.
439 2376 526 2417 Aut
560 2375 729 2415 Tmarus
758 2381 829 2415 aut
860 2376 1071 2429 Rhodope
1100 2379 1189 2420 edit.
1232 2380 1396 2421 Tmarus
1421 2387 1458 2421 et
1489 2381 1700 2434 Rhodope,
1732 2386 1885 2421 montes
1916 2382 2134 2433 Thraciae,
2165 2394 2236 2435 pro

82 2434 367 2476 habitatoribus
398 2434 501 2475 dicit.
560 2432 647 2472 Aut
676 2432 849 2471 extremi
870 2431 1165 2473 Garamantes.
1222 2435 1357 2488 Populi
1385 2436 1543 2477 Africae
1583 2438 1623 2476 in
1652 2442 1829 2477 extremo
1862 2438 1996 2478 mundi
2026 2438 2238 2479 constituti.

82 2488 199 2543 Apud
219 2492 276 2540 ⁷³)
307 2490 470 2533 eosdem
499 2493 629 2530 autem
662 2488 916 2530 Garamantes
946 2490 1126 2543 coniugia
1156 2491 1242 2531 sine
1272 2491 1426 2532 delectu
1451 2494 1501 2535 ⁷⁴)
1542 2491 1678 2532 haberi
1706 2492 1909 2533 Ethlanius
1945 2495 1984 2533 in
2015 2492 2239 2547 chorogra-

82 2544 174 2598 phia
194 2548 250 2593 ⁷⁵)
280 2549 459 2586 testatur.
501 2566 553 2573 -—-
590 2542 678 2583 Aut
707 2542 888 2582 extremi
914 2541 1184 2584 Garamantes
1224 2546 1264 2586 id
1295 2551 1356 2587 est
1392 2547 1526 2600 populi
1554 2547 1735 2599 Africae,
1774 2544 1877 2600 apud
1916 2559 2017 2600 quos
2058 2547 2239 2589 dicuntur

84 2601 269 2654 coniugia
297 2601 383 2640 sine
413 2600 570 2641 delectu
598 2599 746 2640 haberi.
776 2622 830 2626 —

217 2655 283 2695 Vs.
308 2653 374 2695 45.
431 2653 524 2694 Nec
560 2655 726 2707 yeneris
761 2652 898 2693 nostri
935 2666 1013 2693 uec
1050 2656 1277 2706 sanguinis.
1344 2656 1430 2697 Non
1472 2669 1521 2697 ex
1558 2657 1706 2698 nostris
1737 2657 1941 2698 elementis
1971 2662 2162 2711 generant
2196 2657 2237 2698 id

84 2713 158 2761 est,
188 2721 270 2751 non
302 2722 352 2750 ex
379 2716 517 2751 nostro
546 2712 741 2764 sanguine
769 2708 955 2749 nascitur.
1014 2707 1106 2749 Nec
1132 2712 1298 2764 generis
1327 2713 1478 2757 nostri,
1509 2713 1607 2753 mire
1628 2713 1684 2764 ⁷⁶]
1715 2714 1827 2765 quasi
1858 2726 1908 2753 ex
1937 2712 2094 2753 homine
2120 2716 2237 2755 natus

84 2765 135 2806 sit
165 2776 294 2816 amor3
322 2765 576 2808 inhumanum
605 2765 732 2820 magis
763 2776 882 2817 quam
905 2766 956 2814 ⁷⁷)
987 2770 1030 2806 ut
1059 2779 1109 2807 ex
1139 2767 1212 2808 dea
1241 2772 1375 2810 natum
1406 2773 1445 2809 et
1473 2773 1673 2822 potentem
1704 2767 1812 2810 dixit.
1869 2766 2070 2817 Puerum,
2104 2767 2144 2809 id
2174 2772 2236 2809 est

219 2923 272 2966 63)
296 2922 399 2957 Cod.:
426 2922 602 2956 dicitur.
658 2926 709 2962 64)
747 2924 853 2959 Cod.:
888 2935 1152 2971 aspargere.
1210 2926 1262 2969 65)
1298 2924 1402 2961 Cod.:
1436 2930 1622 2960 oectam.
1679 2924 1850 2959 Praeterea
1874 2924 1943 2957 sere
1968 2922 2090 2968 ubique
2115 2924 2148 2957 in
2172 2924 2234 2958 hac

85 2969 292 3004 adnotatione
315 2969 465 3003 scribitur
490 2967 641 3003 Oetha.
673 2969 725 3012 66)
741 2970 844 3005 Cod.:
869 2973 1099 3007 occiditur.
1134 2971 1186 3014 6⁴1)
1204 2971 1308 3006 Cod.:
1333 2972 1564 3017 singulam.
1613 2971 1664 3014 68)
1683 2970 1786 3005 Cod.:
1813 2972 1854 3003 in
1876 2969 2020 3005 isdem.
2061 2970 2114 3012 69)
2129 2969 2232 3004 Cod.:

83 3016 262 3050 iniuria.
285 3015 356 3048 hic
379 3020 454 3050 cett.
486 3017 539 3053 70)
564 3014 669 3049 Cod.:
694 3018 967 3060 praecebam.
999 3018 1050 3060 71)
1076 3017 1181 3052 Cod.:
1208 3028 1343 3064 capra
1369 3029 1484 3061 ssuas.
1517 3019 1569 3060 ’12)
1588 3017 1694 3052 Cod.:
1712 3017 2036 3050 conveniemus.
2059 3015 2110 3060 ⁶13)
2127 3015 2231 3052 Cod.:

83 3066 191 3104 aput.
237 3061 290 3104 π)
315 3060 417 3096 Cod.:
442 3060 696 3096 intellectu.
742 3063 794 3106 ¹15)
820 3063 924 3100 Cod.:
949 3066 1269 3110 intorograsia.
1315 3064 1369 3107 Ι16)
1394 3063 1497 3099 Cod.:
1522 3065 1670 3098 mirae.
1717 3063 1769 3105 77)
1796 3061 1902 3097 Cod.:
1926 3071 2060 3107 quem.
