2430 3177
1148 106 1211 156 15

1051 173 1316 193 §.e—§Q

66 252 74 255 ⁴
96 244 269 299 positis.
290 265 342 276 ›-
374 242 497 295 Ipsa,
527 243 678 294 vineta,
709 241 773 283 vel
801 240 972 292 semina,
1011 241 1077 283 vel
1105 242 1191 297 ipsa
1220 241 1348 291 acies3
1379 249 1522 280 sensus
1553 243 1637 280 estt
1667 239 1792 289 his⁸⁴)
1825 239 1970 281 teneris
2001 238 2130 281 adhue
2163 241 2259 283 viti-

101 301 177 343 bus
204 312 286 340 non
314 304 375 340 est
404 300 515 341 falcis
545 300 650 341 acies
678 297 912 337 necessaria.
1055 312 1060 316 ·

237 355 303 395 Vs.
333 353 428 397 367.
497 353 686 404 Validis,
717 352 983 392 solidioribus.

234 411 302 451 Vs.
334 409 428 452 368,
487 407 780 459 Exierintffi),
812 408 965 460 egressi
995 407 1164 460 fuerint,
1195 414 1259 450 ut:
1300 407 1409 446 exiit
1439 405 1494 445 ad
1523 405 1680 445 caelum
1710 406 1834 444 ramis
1862 404 2062 456 felicibus
2093 403 2230 445 arbos.

239 466 305 506 Vs.
333 464 427 507 371.
493 462 749 507 Tenendum,
777 462 1086 515 prohibendum,
1117 463 1329 505 tenendum
1361 475 1440 502 non
1471 462 1678 515 pecoribus
1709 461 1780 501 sed
1801 461 1957 502 vitibus.
2022 459 2259 499 Tenendum

100 523 181 564 hoc
209 526 270 562 est
299 521 535 571 arcendum,
565 531 617 559 ne
646 518 845 558 morsibus
876 517 1052 566 laedant,
1083 524 1126 560 ut
1153 520 1274 561 infra:
1315 519 1453 557 dentis
1485 522 1525 556 et
1556 517 1612 556 acl
1640 530 1796 555 morsus
1826 521 1865 557 et
1892 517 2054 569 reliqua.

237 578 306 618 Vs.
335 574 430 618 373.
489 574 716 627 Indiynas,
746 574 957 624 molestas,
991 585 1143 615 saevas.
1176 600 1229 605 —-
1258 573 1502 621 Potentem,
1531 572 1830 614 intolerabilem.

237 629 432 673 Vs.⁷374.
499 631 595 678 Uri,
626 630 748 670 boves
780 630 984 669 silvestres
1016 636 1054 670 et
1082 643 1161 671 non
1190 631 1230 671 in
1258 630 1364 671 omni
1394 629 1558 682 regione
1587 628 1703 679 fiunt,
1733 628 1919 679 quoniam
1939 627 2001 668 uri
2029 627 2151 667 boves
2182 628 2256 667 sil-

103 687 279 738 vestres,
320 698 420 740 quos
452 687 594 741 vulgus
627 690 666 725 et
694 686 862 738 imperiti
892 685 1059 726 bubulos
1091 686 1236 726 dicunt.
1259 708 1312 715 —
1361 684 1456 729 Uri,
1487 684 1608 723 boves
1641 688 1842 737 agrestes,
1887 684 1952 735 qui
1992 684 2030 722 in
2070 682 2257 723 Pirenaeo

100 747 238 784 monte
266 747 495 784 nascuntur.
558 740 786 793 Sequaees‚
819 740 1008 794 fugaces,
1039 742 1380 795 persequutriees,
1412 752 1503 780 nam
1528 751 1664 781 morsu
1693 739 1840 780 bovum
1870 749 2179 791 caprearumque
2201 738 2259 779 sic

101 798 203 840 vites
234 803 421 847 uruntur,
453 799 567 850 quasi
599 809 649 836 ex
674 797 842 836 flamma.

234 854 304 894 Vs.
333 850 428 894 376.
494 851 633 900 Cana,
662 852 857 900 nivea³⁶).

235 909 301 949 Vs.
332 906 426 950 377.
486 907 753 959 Ιηοιιηιρεηε,
784 910 1009 959 penetrans.
1035 930 1084 935 -
1119 906 1322 959 Scapulis
1343 904 1576 950 arentibus,
1606 917 1686 946 non
1717 904 1889 957 seopulis
1910 904 2156 957 incumbens,
2188 904 2259 945 sed

100 964 233 1007 locum
261 965 409 1017 pariter
437 964 601 1004 viridem
633 967 672 1002 et
700 962 887 1014 scopulos
922 961 1013 1002 obit.
1392 963 1397 966 ’

234 1019 302 1060 Vs.
333 1017 429 1060 378.
500 1018 724 1061 Venenum,
753 1017 792 1057 id
823 1022 884 1057 est
913 1017 1031 1069 capri.

235 1075 304 1116 VS·
335 1072 432 1115 380·
490 1072 591 1112 Non
623 1072 746 1112 aliam
778 1071 830 1110 ob
861 1072 1049 1124 culpam,
1082 1086 1104 1115 a
1133 1073 1332 1114 veteribus
1365 1072 1502 1113 zonsia
1532 1075 1571 1112 et
1598 1071 1736 1113 lenaea
1764 1070 1847 1111 vult
1877 1070 2029 1120 dicere,
2061 1069 2111 1110 ob
2142 1082 2258 1122 quam

100 1139 264 1172 eausam
295 1143 414 1182 caper
442 1130 655 1170 inmoletur
696 1132 763 1168 aut
794 1129 1034 1168 certantibus
1064 1130 1280 1181 praemium
1310 1128 1435 1169 detur.
1493 1128 1636 1167 Zonsia
1664 1126 1939 1166 vestustissimi
1966 1125 2046 1165 ludi
2076 1131 2188 1175 sunt,
2220 1124 2260 1165 id

100 1190 165 1227 est
192 1185 380 1226 liberalia.
414 1208 465 1213 —-
497 1183 675 1223 Baccho
707 1196 856 1234 caper,
888 1185 1068 1224 victimae
1087 1185 1311 1224 numinibus
1342 1189 1408 1224 aut
1427 1196 1498 1235 per
1527 1181 1816 1222 similitudinem
1849 1186 1915 1221 aut
1934 1194 2005 1234 per
2035 1181 2257 1222 contrarie—

101 1245 223 1282 tatem
251 1240 513 1291 inmolantur,
554 1252 626 1292 per
668 1238 959 1280 similitudinem
989 1245 1033 1280 ut
1061 1241 1216 1294 nigrum
1245 1252 1367 1293 pecus
1399 1239 1572 1287 Plutoni,
1605 1250 1674 1291 per
1704 1237 2022 1278 contrarietatem
2052 1241 2095 1277 ut
2123 1247 2257 1289 porca,

101 1307 206 1350 quae
232 1296 346 1336 obest
375 1296 557 1349 frugibus
588 1295 721 1335 Cereri
752 1299 790 1334 et
820 1307 960 1348 caper,
992 1296 1057 1347 qui
1087 1297 1200 1336 obest
1227 1295 1370 1335 vitibus
1400 1294 1538 1334 Libero
1552 1296 1621 1345 ³⁷).

237 1352 304 1392 Vs.
335 1349 429 1393 381.
488 1348 550 1389 Et
579 1355 752 1394 veteres,
783 1351 896 1402 primi
922 1350 1002 1390 ludi
1031 1350 1243 1391 theatrales
1275 1363 1323 1390 ex
1342 1350 1567 1390 liberalibus
1594 1347 1745 1398 nati⁸³)
1776 1351 1888 1396 sunt,
1919 1346 2008 1387 ideo
2029 1347 2151 1397 ait39]
2181 1358 2257 1386 ve-

100 1411 208 1448 teres
238 1407 319 1447 ludi
330 1420 341 1456 ;
373 1408 581 1460 proscenia
610 1408 810 1453 autemw)
844 1412 934 1446 sunt
963 1406 1108 1458 pulpita
1140 1411 1231 1446 ante
1260 1418 1441 1454 scenam,
1473 1407 1512 1446 in
1543 1405 1683 1456 quibus
1701 1404 1781 1442 nati
1813 1408 1905 1442 sunt
1933 1402 2023 1441 ludi.
2051 1424 2105 1430 —-—
2152 1400 2259 1439 Pro-

102 1462 257 1506 scenia,
287 1463 388 1503 inter
421 1473 583 1502 scenam
603 1465 642 1501 et
662 1461 980 1512 proscenium⁴¹)
1012 1460 1087 1501 hoc
1106 1462 1288 1501 interest:
1322 1472 1440 1500 scena
1471 1465 1532 1499 est
1560 1458 1763 1511 dispositio
1797 1458 2067 1498 columnarum
2099 1462 2136 1496 et
2165 1470 2258 1496 ere-

102 1518 181 1559 ctio
194 1519 316 1570 ipsius
337 1522 500 1558 ornatus
512 1519 593 1565 ⁴²):
625 1517 669 1554 in
685 1517 820 1554 scenis
842 1516 996 1554 deeora
1012 1515 1101 1554 alla
1115 1517 1276 1567 futuris
1286 1518 1366 1565 ⁴³),
1385 1516 1634 1568 proscenium
1652 1519 1710 1553 est
1723 1517 1852 1553 autem
1870 1513 2259 1565 spatiumipsumss).

234 1573 301 1613 Vs.
331 1569 426 1613 382.
487 1569 683 1610 Praemia
719 1572 969 1623 inqenz'isfi)
1007 1584 1173 1622 payos3
1205 1572 1418 1623 praemia,
1460 1572 1589 1621 capri3
1631 1568 1902 1620 iwyeniisss),
1952 1569 2137 1619 quoniam
2176 1568 2260 1606 istis

99 1627 204 1669 ludis
235 1639 373 1669 omnes
394 1627 619 1680 tragoedias
650 1625 807 1676 dabant,
840 1631 882 1666 ut
912 1626 1141 1678 Euripides,
1172 1626 1395 1679 Aeschylus
1407 1626 1479 1676 ⁴⁷),
1513 1624 1742 1677 Sophocles.
1795 1635 1957 1675 payos,
1988 1634 2089 1675 quos
2123 1622 2260 1663 Graeci

101 1685 242 1738 aginos
274 1688 313 1724 et
343 1695 476 1724 comas
506 1687 671 1732 vocant,
704 1681 808 1721 unde
838 1681 1065 1730 comoedia3
1099 1682 1305 1735 tragoedia
1335 1686 1465 1722 autem
1507 1678 1596 1720 ἀπὸ
1622 1677 1700 1719 τοῦ
1728 1676 1890 1731 τράγου
1902 1682 1982 1729 ⁴⁸),
2015 1678 2092 1718 hoc
2121 1683 2182 1718 est
2212 1678 2260 1719 ab

101 1738 235 1788 hirc03
273 1739 453 1780 convivia
491 1738 730 1778 rusticorum
766 1738 805 1776 in
845 1738 1044 1777 occisione
1073 1736 1272 1778 hircorum
1302 1741 1394 1777 sunt
1425 1736 1665 1777 comoediae.
1730 1733 1946 1785 Compita,
1987 1734 2155 1785 compita
2191 1746 2260 1785 per

102 1793 307 1847 quadrivia
339 1806 441 1846 quae
470 1794 682 1845 compitum
694 1795 751 1839 ⁴⁹)
785 1792 969 1832 dicuntur
998 1793 1046 1832 ab
1078 1792 1125 1832 eo
1159 1792 1264 1844 quod
1298 1792 1444 1833 multae
1473 1792 1560 1831 viae
1590 1792 1628 1830 in
1649 1802 1766 1830 unam
1797 1789 2007 1828 confluant.
2029 1810 2083 1817 —
2113 1786 2258 1840 Payos

101 1854 143 1891 et
170 1850 307 1896 villas,
346 1858 448 1901 quae
476 1849 566 1901 pagi
597 1845 687 1887 dno
723 1845 810 1886 τῶν
839 1847 1055 1900 πηγών50)
1088 1847 1352 1900 appellantur,
1383 1847 1422 1886 id
1444 1851 1504 1886 est
1534 1860 1556 1887 a
1575 1845 1749 1886 fontibus
1772 1846 1874 1885 circa
1897 1855 1996 1896 quos
2017 1844 2136 1885 villae
2157 1856 2259 1884 con-

103 1910 270 1946 suerunt
300 1904 439 1955 condi,
471 1904 576 1944 unde
607 1908 644 1942 et
673 1903 815 1956 pagani
847 1902 937 1942 dicti
969 1907 1060 1942 sunt
1089 1903 1202 1954 quasi
1234 1915 1285 1942 ex
1313 1915 1391 1943 nno
1422 1901 1532 1941 fonte
1559 1905 1752 1954 potantes.

238 1960 305 2000 Vs.
335 1957 430 2001 383.
494 1957 719 2002 Thesidae,
750 1957 1040 2008 Athenienses,
1073 1959 1139 2009 qui
1171 1958 1283 2009 primi
1312 1958 1427 1997 ludos
1461 1959 1667 1997 instituere
1696 1955 1881 1995 liberalia.

239 2016 305 2055 VS.
336 2013 432 2057 384.
493 2012 698 2052 Mollibus
729 2013 773 2051 in
799 2013 959 2064 pratis,
998 2026 1048 2052 ne
1078 2013 1327 2053 laederentur
1355 2013 1555 2054 cadentes.
1612 2009 1699 2048 Per
1727 2015 1862 2060 utres,
1892 2010 1932 2049 id
1959 2014 2020 2051 est
2049 2010 2098 2050 ad
2128 2011 2258 2051 insul-

103 2072 291 2113 tationem
323 2075 568 2111 mortuorum
599 2081 830 2121 caprorum,
862 2080 913 2108 ne
943 2068 1037 2120 quid
1067 2081 1118 2108 ex
1148 2068 1206 2107 liis
1239 2072 1366 2117 esset,
1408 2067 1514 2119 quod
1544 2077 1623 2107 non
1664 2067 1827 2106 sentiret
1855 2066 2048 2107 iniuriam.
2081 2087 2131 2094 ψ
2180 2066 2258 2105 Un-

105 2131 197 2166 ctos
227 2126 328 2167 oleo.
377 2125 569 2166 Romulus
591 2137 680 2164 cum
712 2123 959 2164 aedificasset
983 2124 1171 2176 templum
1199 2122 1282 2164 Iovi
1301 2122 1474 2163 Feretrio
1502 2122 1624 2176 pelles
1656 2126 1794 2162 unctas
1825 2122 1962 2161 stravit
1993 2127 2031 2161 et
2061 2122 2117 2162 sie
2145 2121 2260 2161 ludos

103 2182 248 2232 edidit,
291 2186 335 2222 ut
373 2177 677 2228 caelestibusfl]
709 2179 938 2220 dimicarent
967 2183 1006 2220 et
1040 2191 1157 2219 curru
1187 2178 1493 2229 contenderent,
1535 2190 1652 2230 quam
1681 2189 1766 2217 rem
1795 2179 1949 2215 Eamus
1978 2177 2017 2216 in
2057 2177 2260 2220 annalibus

102 2242 282 2280 testatur.

237 2293 305 2332 Vs.
336 2289 430 2333 385.
488 2288 580 2329 Nec
612 2303 696 2328 non
726 2287 928 2334 Ausonii,
958 2290 1123 2330 Romani
1151 2289 1249 2329 haec
1279 2301 1392 2330 sacra
1424 2288 1686 2328 celebrabant.

237 2345 304 2388 VS.
337 2344 431 2388 286.
501 2344 693 2386 Versibus
726 2345 1045 2396 incomptis-³2),
1079 2349 1169 2385 ante
1199 2345 1301 2385 enim
1332 2344 1529 2385 incondita
1559 2343 1730 2384 carmina
1760 2347 1881 2390 erant,
1911 2341 1947 2382 id
1976 2347 2036 2382 est
2066 2342 2150 2382 sine
2170 2355 2259 2382 ine—

103 2407 187 2454 tro,
215 2407 257 2444 et
286 2408 424 2456 postea
455 2407 623 2442 metrum
644 2401 868 2442 Saturnium
900 2402 1098 2441 inventum
1129 2404 1211 2449 est,
1243 2412 1320 2452 quo
1351 2404 1475 2439 metro
1497 2397 1681 2437 Naevius
1694 2401 1750 2447 ⁵³)
1782 2398 1926 2438 bellum
1946 2397 2132 2438 Punicum
2154 2399 2259 2437 scri—

103 2459 182 2511 psit
211 2463 251 2499 et
280 2457 437 2498 Livius.
468 2479 523 2486 —-—
557 2456 664 2496 Risu
692 2456 730 2495 id
761 2461 822 2495 est
852 2455 1066 2505 cacliinn03
1098 2455 1260 2507 soluto,
1290 2456 1432 2505 libero,
1465 2466 1620 2495 securo.
1760 2491 1764 2498 ,

236 2514 303 2554 Vs.
332 2513 426 2556 387.
492 2512 658 2565 Oraque
689 2510 916 2550 corticibus
947 2517 985 2552 et
1014 2512 1176 2564 reliqua.
1225 2506 1399 2551 Necesse
1428 2510 1531 2550 enim
1553 2515 1637 2550 erat
1665 2511 1704 2550 in
1733 2509 1858 2550 sacris
1887 2508 2036 2549 ludicra
2067 2513 2105 2548 et
2134 2509 2259 2560 turpia

104 2569 208 2622 lieri,
242 2570 384 2621 quibus
414 2573 552 2623 posset
579 2568 747 2621 populus
778 2568 860 2607 risu
891 2567 1052 2607 moveri.

236 2625 304 2664 Vs.
334 2622 429 2666 388.
487 2622 548 2662 Et
580 2629 642 2670 te,
676 2621 872 2667 Bacche,
902 2626 1076 2666 roc-ant,
1106 2621 1274 2674 hymnos
1304 2621 1344 2661 in
1372 2625 1482 2661 tuum
1512 2620 1706 2661 honorem
1735 2624 1894 2661 canunt.

236 2680 306 2721 Vs.
336 2677 429 2721 389.
494 2678 681 2727 Oscilla,
719 2678 947 2720 diminutive
976 2678 1023 2719 ab
1054 2689 1125 2718 ore
1153 2677 1312 2728 oscilla,
1352 2677 1400 2718 ab
1432 2688 1479 2717 eo
1519 2675 1626 2729 quod
1668 2687 1713 2716 os
1753 2675 1920 2717 excellat
1958 2673 2116 2722 oscilla,
2154 2671 2259 2723 quod

236 2847 288 2889 34)
313 2846 394 2880 hic.
441 2847 492 2888 35)
518 2846 554 2879 In
579 2851 696 2890 poetae
720 2855 815 2880 versu
846 2847 1002 2889 scriptum
1027 2850 1098 2878 est:
1136 2842 1375 2888 exigerint,
1404 2842 1463 2876 sed
1488 2843 1579 2876 litera
1604 2854 1626 2887 g
1649 2843 1719 2876 fere
1743 2853 1845 2884 erasa,
1871 2847 1904 2874 ut
1929 2850 2002 2875 voe.
2030 2842 2253 2883 exigerint

104 2895 137 2927 in
162 2893 357 2927 exierint
380 2898 537 2926 mutatum
563 2895 612 2925 sit.
654 2892 706 2934 36)
732 2894 844 2925 uiua.
885 2892 936 2933 37)
963 2891 1105 2924 libero
1131 2891 1313 2924 vitibus.
1353 2889 1405 2931 38)
1431 2895 1542 2922 nata.
1582 2890 1633 2931 39)
1660 2895 1741 2922 aut.
1781 2889 1832 2930 40)
1860 2893 1922 2920 ai‘r.
1969 2888 2019 2928 41)
2047 2889 2257 2922 scenium,

103 2939 315 2981 42)‘ornat.
362 2939 414 2980 43)
441 2939 523 2972 Aen.
549 2939 582 2980 1,
606 2937 685 2971 429.
732 2939 783 2980 44)
814 2938 900 2971 Inter
924 2937 1027 2970 lineas
1061 2948 1080 2970 a
1106 2947 1202 2970 manu
1230 2942 1350 2969 recent.
1385 2935 1426 2968 ad
1452 2946 1524 2969 voe.
1550 2937 1720 2979 proscenia
1771 2934 1989 2976 adscriptmn:
2029 2938 2128 2965 sunt
2153 2932 2254 2976 pul—

103 2987 193 3029 pita
219 2985 284 3020 vel
309 2985 472 3029 gradus
498 2995 671 3019 scenae,
718 2986 770 3025 45)
810 2985 1032 3027 ingentes.
1082 2984 1133 3025 46)
1168 2984 1380 3026 ingentis.
1441 2983 1492 3023 47)
1528 2979 1958 3025 euripidererculus.
2017 2978 2068 3020 48)
2102 2982 2254 3021 apoto

103 3030 226 3064 trahi.
284 3032 336 3072 49)
373 3036 572 3073 competa
608 3035 809 3074 competa
845 3040 954 3074 quae¹
988 3028 1258 3073 quadrauia,
1297 3039 1408 3072 quae
1453 3034 1708 3071 competunt.
1758 3026 1810 3067 50)
1847 3036 1920 3059 απο
1954 3035 2030 3058 vox
2067 3032 2257 3057 vrtrmx.

102 3076 155 3120 51)
179 3077 234 3111 Sic
257 3078 354 3111 etiam
379 3078 412 3110 in
437 3076 511 3112 eod.
538 3076 576 3110 G.
604 3076 730 3121 legitur.
757 3075 961 3110 Burmannus
987 3076 1140 3108 coniicit:
1170 3074 1416 3108 caestibus.
1469 3075 1520 3116 52)
1547 3074 1777 3116 incompis.
1828 3072 1879 3113 53)
1906 3072 2068 3104 ninius.
