<?xml version="1.0" encoding="UTF-8"?>
<!DOCTYPE html PUBLIC "-//W3C//DTD XHTML 1.0 Transitional//EN"
    "http://www.w3.org/TR/xhtml1/DTD/xhtml1-transitional.dtd">
<html xmlns="http://www.w3.org/1999/xhtml" xml:lang="en" lang="en">
 <head>
  <title>
</title>
<meta http-equiv="Content-Type" content="text/html;charset=utf-8" />
  <meta name='ocr-system' content='tesseract 3.04.00' />
  <meta name='ocr-capabilities' content='ocr_page ocr_carea ocr_par ocr_line ocrx_word'/>
</head>
<body>
  <div class='ocr_page' id='page_1' title='image "./commentariaiunil00mluoft_0093.png"; bbox 0 0 2430 3177; ppageno 0'>
   <div class='ocr_carea' id='block_1_1' title="bbox 1115 36 1175 84">
    <p class='ocr_par' dir='ltr' id='par_1_1' title="bbox 1115 36 1175 84">
     <span class='ocr_line' id='line_1_1' title="bbox 1115 36 1175 84; baseline 0.017 -1"><span class='ocrx_word' id='word_1_1' title='bbox 1115 36 1175 84; x_wconf 89' lang='lat'>31</span> 
     </span>
    </p>
   </div>
   <div class='ocr_carea' id='block_1_2' title="bbox 1014 105 1279 121">
    <p class='ocr_par' dir='ltr' id='par_1_2' title="bbox 1014 105 1279 121">
     <span class='ocr_line' id='line_1_2' title="bbox 1014 105 1279 121; baseline -0.008 -1"><span class='ocrx_word' id='word_1_2' title='bbox 1014 105 1279 121; x_wconf 41' lang='lat' dir='ltr'>§.h-x„</span> 
     </span>
    </p>
   </div>
   <div class='ocr_carea' id='block_1_3' title="bbox 63 163 2212 397">
    <p class='ocr_par' dir='ltr' id='par_1_3' title="bbox 64 163 2212 259">
     <span class='ocr_line' id='line_1_3' title="bbox 198 163 2212 213; baseline 0 -9"><span class='ocrx_word' id='word_1_3' title='bbox 198 170 255 204; x_wconf 87' lang='lat' dir='ltr'>Vs.</span> <span class='ocrx_word' id='word_1_4' title='bbox 280 167 359 204; x_wconf 84' lang='lat'><strong>463.</strong></span> <span class='ocrx_word' id='word_1_5' title='bbox 411 166 554 209; x_wconf 79' lang='lat' dir='ltr'>Getae,</span> <span class='ocrx_word' id='word_1_6' title='bbox 578 168 734 202; x_wconf 85' lang='lat' dir='ltr'>Thraces.</span> <span class='ocrx_word' id='word_1_7' title='bbox 780 165 958 206; x_wconf 80' lang='lat' dir='ltr'><strong><em>Hebrus,</em></strong></span> <span class='ocrx_word' id='word_1_8' title='bbox 991 170 1083 211; x_wconf 85' lang='lat' dir='ltr'>pater</span> <span class='ocrx_word' id='word_1_9' title='bbox 1107 163 1250 209; x_wconf 79' lang='lat' dir='ltr'>Orphei,</span> <span class='ocrx_word' id='word_1_10' title='bbox 1286 165 1339 200; x_wconf 94' lang='lat' dir='ltr'>vel</span> <span class='ocrx_word' id='word_1_11' title='bbox 1363 164 1488 199; x_wconf 84' lang='lat' dir='ltr'><strong>Hebrus</strong></span> <span class='ocrx_word' id='word_1_12' title='bbox 1515 166 1632 201; x_wconf 86' lang='lat' dir='ltr'>fluvius</span> <span class='ocrx_word' id='word_1_13' title='bbox 1656 166 1870 210; x_wconf 72' lang='lat' dir='ltr'>Thraciaezz)</span> <span class='ocrx_word' id='word_1_14' title='bbox 1885 192 1887 197; x_wconf 87' lang='lat'><strong>.</strong></span> <span class='ocrx_word' id='word_1_15' title='bbox 1904 169 2139 213; x_wconf 85' lang='lat' dir='ltr'>gelidissimus.</span> <span class='ocrx_word' id='word_1_16' title='bbox 2165 189 2212 197; x_wconf 78' lang='lat'>—-—</span> 
     </span>
     <span class='ocr_line' id='line_1_4' title="bbox 64 213 1973 259; baseline -0.003 -10"><span class='ocrx_word' id='word_1_17' title='bbox 64 213 200 250; x_wconf 77' lang='lat' dir='ltr'>Actias</span> <span class='ocrx_word' id='word_1_18' title='bbox 228 213 433 259; x_wconf 66' lang='lat' dir='ltr'>Orithyia,</span> <span class='ocrx_word' id='word_1_19' title='bbox 458 215 687 255; x_wconf 80' lang='lat' dir='ltr'><strong>Atheniensis,</strong></span> <span class='ocrx_word' id='word_1_20' title='bbox 713 224 810 258; x_wconf 89' lang='lat' dir='ltr'>quam</span> <span class='ocrx_word' id='word_1_21' title='bbox 836 214 959 247; x_wconf 82' lang='lat' dir='ltr'>Boreas</span> <span class='ocrx_word' id='word_1_22' title='bbox 985 214 1016 246; x_wconf 89' lang='lat' dir='ltr'>in</span> <span class='ocrx_word' id='word_1_23' title='bbox 1043 221 1138 243; x_wconf 89' lang='lat' dir='ltr'>suum</span> <span class='ocrx_word' id='word_1_24' title='bbox 1163 213 1400 245; x_wconf 84' lang='lat' dir='ltr'>matrimonium</span> <span class='ocrx_word' id='word_1_25' title='bbox 1425 213 1541 256; x_wconf 83' lang='lat' dir='ltr'>rapuit.</span> <span class='ocrx_word' id='word_1_26' title='bbox 1968 227 1973 230; x_wconf 92' lang='lat'><em>·</em></span> 
     </span>
    </p>

    <p class='ocr_par' dir='ltr' id='par_1_4' title="bbox 63 257 2207 397">
     <span class='ocr_line' id='line_1_5' title="bbox 200 257 2207 306; baseline 0.001 -13"><span class='ocrx_word' id='word_1_27' title='bbox 200 260 255 293; x_wconf 89' lang='lat' dir='ltr'>Vs.</span> <span class='ocrx_word' id='word_1_28' title='bbox 282 259 360 294; x_wconf 88' lang='grc'><strong>464.</strong></span> <span class='ocrx_word' id='word_1_29' title='bbox 409 259 519 306; x_wconf 77' lang='lat' dir='ltr'>Ipse,</span> <span class='ocrx_word' id='word_1_30' title='bbox 537 260 723 304; x_wconf 54' lang='lat' dir='ltr'>*Orpheus3</span> <span class='ocrx_word' id='word_1_31' title='bbox 759 270 856 294; x_wconf 81' lang='lat' dir='ltr'>cava</span> <span class='ocrx_word' id='word_1_32' title='bbox 888 257 1109 296; x_wconf 83' lang='lat' dir='ltr'>testudine,</span> <span class='ocrx_word' id='word_1_33' title='bbox 1141 257 1399 300; x_wconf 70' lang='lat' dir='ltr'>periphrasisza)</span> <span class='ocrx_word' id='word_1_34' title='bbox 1435 258 1597 301; x_wconf 83' lang='lat' dir='ltr'><strong>citharae,</strong></span> <span class='ocrx_word' id='word_1_35' title='bbox 1641 261 1732 292; x_wconf 89' lang='lat' dir='ltr'>cuius</span> <span class='ocrx_word' id='word_1_36' title='bbox 1768 271 1846 293; x_wconf 90' lang='lat' dir='ltr'>usus</span> <span class='ocrx_word' id='word_1_37' title='bbox 1880 265 2026 303; x_wconf 88' lang='lat' dir='ltr'>repertus</span> <span class='ocrx_word' id='word_1_38' title='bbox 2060 267 2110 294; x_wconf 85' lang='lat' dir='ltr'>est</span> <span class='ocrx_word' id='word_1_39' title='bbox 2145 262 2207 295; x_wconf 89' lang='lat' dir='ltr'>hoc</span> 
     </span>
     <span class='ocr_line' id='line_1_6' title="bbox 63 302 2205 350; baseline 0 -11"><span class='ocrx_word' id='word_1_40' title='bbox 63 305 179 339; x_wconf 90' lang='lat' dir='ltr'>modo.</span> <span class='ocrx_word' id='word_1_41' title='bbox 225 306 428 350; x_wconf 86' lang='lat' dir='ltr'>Regrediens</span> <span class='ocrx_word' id='word_1_42' title='bbox 454 302 551 339; x_wconf 88' lang='lat' dir='ltr'>Nilus</span> <span class='ocrx_word' id='word_1_43' title='bbox 569 308 602 339; x_wconf 91' lang='lat' dir='ltr'>in</span> <span class='ocrx_word' id='word_1_44' title='bbox 626 316 702 339; x_wconf 89' lang='lat' dir='ltr'>suos</span> <span class='ocrx_word' id='word_1_45' title='bbox 730 311 854 338; x_wconf 89' lang='lat' dir='ltr'>meatus</span> <span class='ocrx_word' id='word_1_46' title='bbox 890 303 1041 337; x_wconf 86' lang='lat' dir='ltr'>animalia</span> <span class='ocrx_word' id='word_1_47' title='bbox 1074 302 1174 335; x_wconf 76' lang='lat' dir='ltr'>multa</span> <span class='ocrx_word' id='word_1_48' title='bbox 1206 303 1354 347; x_wconf 88' lang='lat' dir='ltr'>reliquit,</span> <span class='ocrx_word' id='word_1_49' title='bbox 1389 314 1475 347; x_wconf 87' lang='lat' dir='ltr'>quae</span> <span class='ocrx_word' id='word_1_50' title='bbox 1498 315 1573 337; x_wconf 91' lang='lat' dir='ltr'>cum</span> <span class='ocrx_word' id='word_1_51' title='bbox 1609 306 1790 347; x_wconf 85' lang='lat' dir='ltr'>putrefacta</span> <span class='ocrx_word' id='word_1_52' title='bbox 1824 306 1963 339; x_wconf 86' lang='lat' dir='ltr'>fuissent</span> <span class='ocrx_word' id='word_1_53' title='bbox 1995 312 2026 340; x_wconf 87' lang='lat' dir='ltr'>et</span> <span class='ocrx_word' id='word_1_54' title='bbox 2057 308 2148 341; x_wconf 89' lang='lat' dir='ltr'>nervi</span> <span class='ocrx_word' id='word_1_55' title='bbox 2174 309 2205 340; x_wconf 89' lang='lat' dir='ltr'>in</span> 
     </span>
     <span class='ocr_line' id='line_1_7' title="bbox 63 348 2205 397; baseline 0.001 -13"><span class='ocrx_word' id='word_1_56' title='bbox 63 352 112 385; x_wconf 86' lang='lat' dir='ltr'>eis</span> <span class='ocrx_word' id='word_1_57' title='bbox 137 354 385 392; x_wconf 74' lang='lat' dir='ltr'>remansissent,</span> <span class='ocrx_word' id='word_1_58' title='bbox 411 353 562 395; x_wconf 82' lang='lat' dir='ltr'>percussi</span> <span class='ocrx_word' id='word_1_59' title='bbox 590 362 608 384; x_wconf 87' lang='lat' dir='ltr'>a</span> <span class='ocrx_word' id='word_1_60' title='bbox 634 351 790 384; x_wconf 85' lang='lat' dir='ltr'>Mercurio</span> <span class='ocrx_word' id='word_1_61' title='bbox 815 360 931 383; x_wconf 88' lang='lat' dir='ltr'>sonum</span> <span class='ocrx_word' id='word_1_62' title='bbox 957 349 1077 382; x_wconf 83' lang='lat' dir='ltr'>dabant</span> <span class='ocrx_word' id='word_1_63' title='bbox 1101 353 1133 381; x_wconf 85' lang='lat' dir='ltr'>et</span> <span class='ocrx_word' id='word_1_64' title='bbox 1157 348 1198 380; x_wconf 82' lang='lat' dir='ltr'>ad</span> <span class='ocrx_word' id='word_1_65' title='bbox 1223 351 1291 381; x_wconf 89' lang='lat' dir='ltr'>eius</span> <span class='ocrx_word' id='word_1_66' title='bbox 1317 350 1531 385; x_wconf 81' lang='lat' dir='ltr'>imitationem</span> <span class='ocrx_word' id='word_1_67' title='bbox 1560 349 1681 384; x_wconf 83' lang='lat' dir='ltr'>cithara</span> <span class='ocrx_word' id='word_1_68' title='bbox 1698 357 1747 385; x_wconf 89' lang='lat' dir='ltr'>est</span> <span class='ocrx_word' id='word_1_69' title='bbox 1763 353 1946 396; x_wconf 87' lang='lat' dir='ltr'>conposita.</span> <span class='ocrx_word' id='word_1_70' title='bbox 1968 370 2011 377; x_wconf 89' lang='grc'>--</span> <span class='ocrx_word' id='word_1_71' title='bbox 2037 351 2205 397; x_wconf 71' lang='lat' dir='ltr'>Aeqrum</span> 
     </span>
    </p>
   </div>
   <div class='ocr_carea' id='block_1_4' title="bbox 63 394 1317 441">
    <p class='ocr_par' dir='ltr' id='par_1_5' title="bbox 63 394 1317 441">
     <span class='ocr_line' id='line_1_8' title="bbox 63 394 1317 441; baseline -0.002 -10"><span class='ocrx_word' id='word_1_72' title='bbox 63 407 262 437; x_wconf 83' lang='lat' dir='ltr'>amorem,</span> <span class='ocrx_word' id='word_1_73' title='bbox 291 403 452 431; x_wconf 90' lang='lat' dir='ltr'>moestum</span> <span class='ocrx_word' id='word_1_74' title='bbox 475 403 572 441; x_wconf 88' lang='lat' dir='ltr'>atque</span> <span class='ocrx_word' id='word_1_75' title='bbox 596 397 779 439; x_wconf 89' lang='lat' dir='ltr'>deceptum.</span> <span class='ocrx_word' id='word_1_76' title='bbox 832 394 1059 435; x_wconf 84' lang='lat' dir='ltr'>Testudine,</span> <span class='ocrx_word' id='word_1_77' title='bbox 1085 394 1154 437; x_wconf 87' lang='lat' dir='ltr'>lyra</span> <span class='ocrx_word' id='word_1_78' title='bbox 1180 394 1317 428; x_wconf 88' lang='lat' dir='ltr'>scilicet.</span> 
     </span>
    </p>
   </div>
   <div class='ocr_carea' id='block_1_5' title="bbox 196 441 1724 531">
    <p class='ocr_par' dir='ltr' id='par_1_6' title="bbox 196 441 1724 531">
     <span class='ocr_line' id='line_1_9' title="bbox 197 441 697 481; baseline -0.002 -6"><span class='ocrx_word' id='word_1_79' title='bbox 197 442 254 477; x_wconf 90' lang='lat' dir='ltr'>Vs.</span> <span class='ocrx_word' id='word_1_80' title='bbox 278 442 358 476; x_wconf 89' lang='lat'><strong>465.</strong></span> <span class='ocrx_word' id='word_1_81' title='bbox 407 441 529 481; x_wconf 82' lang='lat' dir='ltr'>Solo,</span> <span class='ocrx_word' id='word_1_82' title='bbox 555 442 697 475; x_wconf 87' lang='lat' dir='ltr'>deserto.</span> 
     </span>
     <span class='ocr_line' id='line_1_10' title="bbox 196 485 1724 531; baseline 0.001 -10"><span class='ocrx_word' id='word_1_83' title='bbox 196 488 254 521; x_wconf 88' lang='lat' dir='ltr'>Vs.</span> <span class='ocrx_word' id='word_1_84' title='bbox 279 486 358 522; x_wconf 88' lang='grc'><strong>466.</strong></span> <span class='ocrx_word' id='word_1_85' title='bbox 413 488 595 522; x_wconf 76' lang='lat' dir='ltr'>Veniente</span> <span class='ocrx_word' id='word_1_86' title='bbox 620 487 706 527; x_wconf 74' lang='lat' dir='ltr'>(lie,</span> <span class='ocrx_word' id='word_1_87' title='bbox 733 498 840 520; x_wconf 90' lang='lat' dir='ltr'>mane.</span> <span class='ocrx_word' id='word_1_88' title='bbox 865 504 909 511; x_wconf 92' lang='lat'><strong>—</strong></span> <span class='ocrx_word' id='word_1_89' title='bbox 936 485 1177 525; x_wconf 79' lang='lat' dir='ltr'>Decedente,</span> <span class='ocrx_word' id='word_1_90' title='bbox 1200 496 1287 520; x_wconf 88' lang='lat' dir='ltr'>sero.</span> <span class='ocrx_word' id='word_1_91' title='bbox 1339 485 1535 527; x_wconf 81' lang='lat' dir='ltr'>Cauebat,</span> <span class='ocrx_word' id='word_1_92' title='bbox 1560 485 1724 531; x_wconf 87' lang='lat' dir='ltr'>Orpheus.</span> 
     </span>
    </p>
   </div>
   <div class='ocr_carea' id='block_1_6' title="bbox 61 529 2206 672">
    <p class='ocr_par' dir='ltr' id='par_1_7' title="bbox 61 529 2206 672">
     <span class='ocr_line' id='line_1_11' title="bbox 195 529 2206 577; baseline 0.001 -11"><span class='ocrx_word' id='word_1_93' title='bbox 195 533 250 567; x_wconf 91' lang='lat' dir='ltr'>Vs.</span> <span class='ocrx_word' id='word_1_94' title='bbox 275 533 355 568; x_wconf 89' lang='lat'><strong>467.</strong></span> <span class='ocrx_word' id='word_1_95' title='bbox 408 532 649 572; x_wconf 66' lang='lat' dir='ltr'>Taenarecw,</span> <span class='ocrx_word' id='word_1_96' title='bbox 682 533 843 573; x_wconf 87' lang='lat' dir='ltr'>infernas,</span> <span class='ocrx_word' id='word_1_97' title='bbox 877 532 929 566; x_wconf 90' lang='lat' dir='ltr'>vel</span> <span class='ocrx_word' id='word_1_98' title='bbox 963 533 1218 576; x_wconf 80' lang='lat' dir='ltr'>promontorium</span> <span class='ocrx_word' id='word_1_99' title='bbox 1242 529 1413 566; x_wconf 86' lang='lat' dir='ltr'>Laconiae</span> <span class='ocrx_word' id='word_1_100' title='bbox 1447 539 1514 574; x_wconf 82' lang='lat' dir='ltr'>est3</span> <span class='ocrx_word' id='word_1_101' title='bbox 1547 539 1596 566; x_wconf 90' lang='lat' dir='ltr'>est</span> <span class='ocrx_word' id='word_1_102' title='bbox 1626 535 1753 577; x_wconf 87' lang='lat' dir='ltr'>insula,</span> <span class='ocrx_word' id='word_1_103' title='bbox 1786 535 1872 569; x_wconf 88' lang='lat' dir='ltr'>unde</span> <span class='ocrx_word' id='word_1_104' title='bbox 1905 537 2032 569; x_wconf 87' lang='lat' dir='ltr'>animae</span> <span class='ocrx_word' id='word_1_105' title='bbox 2057 536 2206 569; x_wconf 88' lang='lat' dir='ltr'>dicuntur</span> 
     </span>
     <span class='ocr_line' id='line_1_12' title="bbox 61 577 2148 618; baseline -0.002 -5"><span class='ocrx_word' id='word_1_106' title='bbox 61 578 104 613; x_wconf 77' lang='lat' dir='ltr'>ad</span> <span class='ocrx_word' id='word_1_107' title='bbox 128 578 250 613; x_wconf 78' lang='lat' dir='ltr'>inferos</span> <span class='ocrx_word' id='word_1_108' title='bbox 277 580 488 613; x_wconf 87' lang='lat' dir='ltr'>descendere.</span> <span class='ocrx_word' id='word_1_109' title='bbox 512 597 557 602; x_wconf 93' lang='lat'><em>-</em></span> <span class='ocrx_word' id='word_1_110' title='bbox 582 577 712 618; x_wconf 78' lang='lat' dir='ltr'>Ditis,</span> <span class='ocrx_word' id='word_1_111' title='bbox 737 579 866 612; x_wconf 87' lang='lat' dir='ltr'>inferni.</span> <span class='ocrx_word' id='word_1_112' title='bbox 2146 605 2148 608; x_wconf 78' lang='grc'>,</span> 
     </span>
     <span class='ocr_line' id='line_1_13' title="bbox 193 622 2204 672; baseline 0.001 -14"><span class='ocrx_word' id='word_1_113' title='bbox 193 626 249 659; x_wconf 88' lang='grc' dir='ltr'>νε.</span> <span class='ocrx_word' id='word_1_114' title='bbox 274 623 353 660; x_wconf 90' lang='grc'><strong>468.</strong></span> <span class='ocrx_word' id='word_1_115' title='bbox 409 623 680 670; x_wconf 74' lang='lat' dir='ltr'>Caliqantem,</span> <span class='ocrx_word' id='word_1_116' title='bbox 707 625 893 657; x_wconf 90' lang='lat' dir='ltr'>obscurum.</span> <span class='ocrx_word' id='word_1_117' title='bbox 918 641 963 648; x_wconf 93' lang='lat'>—</span> <span class='ocrx_word' id='word_1_118' title='bbox 989 622 1142 658; x_wconf 81' lang='lat' dir='ltr'>Lucum</span> <span class='ocrx_word' id='word_1_119' title='bbox 1166 629 1297 667; x_wconf 86' lang='lat' dir='ltr'>propter</span> <span class='ocrx_word' id='word_1_120' title='bbox 1324 622 1450 657; x_wconf 89' lang='lat' dir='ltr'>Gallum</span> <span class='ocrx_word' id='word_1_121' title='bbox 1472 623 1641 658; x_wconf 89' lang='lat' dir='ltr'>Luciscum</span> <span class='ocrx_word' id='word_1_122' title='bbox 1652 626 1727 668; x_wconf 82' lang='lat'>24),</span> <span class='ocrx_word' id='word_1_123' title='bbox 1750 630 1870 670; x_wconf 76' lang='lat' dir='ltr'>poeta,</span> <span class='ocrx_word' id='word_1_124' title='bbox 1895 628 1949 672; x_wconf 93' lang='lat' dir='ltr'>qui</span> <span class='ocrx_word' id='word_1_125' title='bbox 1961 629 2054 661; x_wconf 88' lang='lat' dir='ltr'>novis</span> <span class='ocrx_word' id='word_1_126' title='bbox 2073 628 2204 661; x_wconf 88' lang='lat' dir='ltr'>studere</span> 
     </span>
    </p>
   </div>
   <div class='ocr_carea' id='block_1_7' title="bbox 64 670 2203 761">
    <p class='ocr_par' dir='ltr' id='par_1_8' title="bbox 64 670 2203 761">
     <span class='ocr_line' id='line_1_14' title="bbox 64 670 654 704; baseline -0.003 0"><span class='ocrx_word' id='word_1_127' title='bbox 64 670 177 704; x_wconf 85' lang='lat' dir='ltr'>volens</span> <span class='ocrx_word' id='word_1_128' title='bbox 203 671 245 704; x_wconf 89' lang='lat' dir='ltr'>ab</span> <span class='ocrx_word' id='word_1_129' title='bbox 270 671 320 704; x_wconf 91' lang='lat' dir='ltr'>Au</span> <span class='ocrx_word' id='word_1_130' title='bbox 347 676 418 704; x_wconf 86' lang='lat' dir='ltr'>usta</span> <span class='ocrx_word' id='word_1_131' title='bbox 444 673 570 703; x_wconf 85' lang='lat' dir='ltr'>occisus</span> <span class='ocrx_word' id='word_1_132' title='bbox 596 676 654 702; x_wconf 87' lang='lat' dir='ltr'>est.</span> 
     </span>
     <span class='ocr_line' id='line_1_15' title="bbox 195 714 2203 761; baseline 0.001 -13"><span class='ocrx_word' id='word_1_133' title='bbox 195 716 250 749; x_wconf 92' lang='lat' dir='ltr'>Vs.</span> <span class='ocrx_word' id='word_1_134' title='bbox 277 715 321 750; x_wconf 86' lang='lat'><strong>46</strong></span> <span class='ocrx_word' id='word_1_135' title='bbox 348 741 356 748; x_wconf 94' lang='lat'>.</span> <span class='ocrx_word' id='word_1_136' title='bbox 408 715 608 761; x_wconf 72' lang='lat' dir='ltr'>Inqressus</span> <span class='ocrx_word' id='word_1_137' title='bbox 618 715 815 749; x_wconf 89' lang='lat' dir='ltr'>etrel.Haec</span> <span class='ocrx_word' id='word_1_138' title='bbox 825 716 932 748; x_wconf 90' lang='lat' dir='ltr'>omnia</span> <span class='ocrx_word' id='word_1_139' title='bbox 944 715 1124 748; x_wconf 89' lang='lat' dir='ltr'>adlaudem</span> <span class='ocrx_word' id='word_1_140' title='bbox 1134 714 1274 748; x_wconf 78' lang='lat' dir='ltr'>citharae</span> <span class='ocrx_word' id='word_1_141' title='bbox 1285 714 1783 758; x_wconf 84' lang='lat' dir='ltr'>pertinent.—Tremendum,</span> <span class='ocrx_word' id='word_1_142' title='bbox 1793 718 1985 761; x_wconf 84' lang='lat' dir='ltr'>timendum,</span> <span class='ocrx_word' id='word_1_143' title='bbox 1995 718 2203 752; x_wconf 88' lang='lat' dir='ltr'>horrendum.</span> 
     </span>
    </p>
   </div>
   <div class='ocr_carea' id='block_1_8' title="bbox 21 760 2205 2732">
    <p class='ocr_par' dir='ltr' id='par_1_9' title="bbox 198 760 1322 806">
     <span class='ocr_line' id='line_1_16' title="bbox 198 760 1322 806; baseline 0 -12"><span class='ocrx_word' id='word_1_144' title='bbox 198 762 254 795; x_wconf 92' lang='lat' dir='ltr'>Vs.</span> <span class='ocrx_word' id='word_1_145' title='bbox 278 760 358 796; x_wconf 93' lang='lat'><strong>470.</strong></span> <span class='ocrx_word' id='word_1_146' title='bbox 407 760 552 795; x_wconf 75' lang='lat' dir='ltr'>Nescia</span> <span class='ocrx_word' id='word_1_147' title='bbox 576 768 607 794; x_wconf 87' lang='lat' dir='ltr'>et</span> <span class='ocrx_word' id='word_1_148' title='bbox 632 761 721 806; x_wconf 84' lang='lat' dir='ltr'>reliq.</span> <span class='ocrx_word' id='word_1_149' title='bbox 749 762 791 794; x_wconf 90' lang='lat' dir='ltr'>ad</span> <span class='ocrx_word' id='word_1_150' title='bbox 816 763 936 794; x_wconf 87' lang='lat' dir='ltr'>exitum</span> <span class='ocrx_word' id='word_1_151' title='bbox 961 761 1088 793; x_wconf 88' lang='lat' dir='ltr'>futurae</span> <span class='ocrx_word' id='word_1_152' title='bbox 1112 762 1157 794; x_wconf 93' lang='lat' dir='ltr'>rei</span> <span class='ocrx_word' id='word_1_153' title='bbox 1181 762 1322 804; x_wconf 87' lang='lat' dir='ltr'>respicit.</span> 
     </span>
    </p>

    <p class='ocr_par' dir='ltr' id='par_1_10' title="bbox 192 806 1490 847">
     <span class='ocr_line' id='line_1_17' title="bbox 192 806 1490 847; baseline 0.002 -9"><span class='ocrx_word' id='word_1_154' title='bbox 192 806 248 840; x_wconf 92' lang='lat' dir='ltr'>Vs.</span> <span class='ocrx_word' id='word_1_155' title='bbox 278 806 356 841; x_wconf 91' lang='grc'><strong>471.</strong></span> <span class='ocrx_word' id='word_1_156' title='bbox 407 806 546 847; x_wconf 83' lang='lat' dir='ltr'>Erebi,</span> <span class='ocrx_word' id='word_1_157' title='bbox 572 808 700 840; x_wconf 81' lang='lat' dir='ltr'>inferni.</span> <span class='ocrx_word' id='word_1_158' title='bbox 752 806 868 845; x_wconf 82' lang='lat' dir='ltr'>Imis,</span> <span class='ocrx_word' id='word_1_159' title='bbox 896 807 937 839; x_wconf 91' lang='lat' dir='ltr'>de</span> <span class='ocrx_word' id='word_1_160' title='bbox 960 806 1169 839; x_wconf 88' lang='lat' dir='ltr'>interioribus</span> <span class='ocrx_word' id='word_1_161' title='bbox 1195 806 1336 840; x_wconf 86' lang='lat' dir='ltr'>tenebris</span> <span class='ocrx_word' id='word_1_162' title='bbox 1361 807 1490 841; x_wconf 81' lang='lat' dir='ltr'>inferni.</span> 
     </span>
    </p>

    <p class='ocr_par' dir='ltr' id='par_1_11' title="bbox 60 852 2202 942">
     <span class='ocr_line' id='line_1_18' title="bbox 191 852 2202 900; baseline 0.002 -14"><span class='ocrx_word' id='word_1_163' title='bbox 191 852 248 886; x_wconf 87' lang='lat' dir='ltr'>Vs.</span> <span class='ocrx_word' id='word_1_164' title='bbox 273 852 354 886; x_wconf 92' lang='grc'><strong>472.</strong></span> <span class='ocrx_word' id='word_1_165' title='bbox 408 852 576 891; x_wconf 80' lang='lat' dir='ltr'>Umbrae</span> <span class='ocrx_word' id='word_1_166' title='bbox 601 852 712 886; x_wconf 79' lang='lat' dir='ltr'>ibant</span> <span class='ocrx_word' id='word_1_167' title='bbox 738 858 770 886; x_wconf 89' lang='lat' dir='ltr'>et</span> <span class='ocrx_word' id='word_1_168' title='bbox 804 853 897 897; x_wconf 87' lang='lat' dir='ltr'>reliq.</span> <span class='ocrx_word' id='word_1_169' title='bbox 934 863 1000 885; x_wconf 88' lang='lat' dir='ltr'>non</span> <span class='ocrx_word' id='word_1_170' title='bbox 1032 853 1183 885; x_wconf 89' lang='lat' dir='ltr'>animalia</span> <span class='ocrx_word' id='word_1_171' title='bbox 1216 853 1276 886; x_wconf 84' lang='lat' dir='ltr'>sed</span> <span class='ocrx_word' id='word_1_172' title='bbox 1307 854 1437 887; x_wconf 88' lang='lat' dir='ltr'>animae</span> <span class='ocrx_word' id='word_1_173' title='bbox 1467 859 1640 888; x_wconf 83' lang='lat' dir='ltr'>senserunt</span> <span class='ocrx_word' id='word_1_174' title='bbox 1671 854 1875 889; x_wconf 86' lang='lat' dir='ltr'>dulcedinem</span> <span class='ocrx_word' id='word_1_175' title='bbox 1911 861 2035 890; x_wconf 83' lang='lat' dir='ltr'>cantus.</span> <span class='ocrx_word' id='word_1_176' title='bbox 2084 855 2202 900; x_wconf 75' lang='lat' dir='ltr'>Luce,</span> 
     </span>
     <span class='ocr_line' id='line_1_19' title="bbox 60 898 1493 942; baseline -0.001 -10"><span class='ocrx_word' id='word_1_177' title='bbox 60 899 137 932; x_wconf 83' lang='lat' dir='ltr'>vita.</span> <span class='ocrx_word' id='word_1_178' title='bbox 165 916 211 923; x_wconf 94' lang='lat'>—</span> <span class='ocrx_word' id='word_1_179' title='bbox 236 898 426 942; x_wconf 83' lang='lat' dir='ltr'>Philosophi</span> <span class='ocrx_word' id='word_1_180' title='bbox 451 899 579 940; x_wconf 87' lang='lat' dir='ltr'>dicunt,</span> <span class='ocrx_word' id='word_1_181' title='bbox 605 900 745 932; x_wconf 89' lang='lat' dir='ltr'>onmium</span> <span class='ocrx_word' id='word_1_182' title='bbox 771 910 878 932; x_wconf 89' lang='lat' dir='ltr'>rerum</span> <span class='ocrx_word' id='word_1_183' title='bbox 902 900 1061 942; x_wconf 81' lang='lat' dir='ltr'>imagines</span> <span class='ocrx_word' id='word_1_184' title='bbox 1087 909 1161 932; x_wconf 90' lang='lat' dir='ltr'>esse</span> <span class='ocrx_word' id='word_1_185' title='bbox 1185 898 1273 942; x_wconf 88' lang='lat' dir='ltr'>apud</span> <span class='ocrx_word' id='word_1_186' title='bbox 1296 899 1430 933; x_wconf 87' lang='lat' dir='ltr'>inferos.</span> <span class='ocrx_word' id='word_1_187' title='bbox 1441 900 1493 941; x_wconf 89' lang='lat'>25)</span> 
     </span>
    </p>

    <p class='ocr_par' dir='ltr' id='par_1_12' title="bbox 191 943 1844 990">
     <span class='ocr_line' id='line_1_20' title="bbox 191 943 1844 990; baseline 0.001 -12"><span class='ocrx_word' id='word_1_188' title='bbox 191 945 249 979; x_wconf 90' lang='lat' dir='ltr'>Vs.</span> <span class='ocrx_word' id='word_1_189' title='bbox 273 943 352 979; x_wconf 87' lang='grc'><strong>473.</strong></span> <span class='ocrx_word' id='word_1_190' title='bbox 404 944 533 985; x_wconf 74' lang='lat' dir='ltr'>Quam</span> <span class='ocrx_word' id='word_1_191' title='bbox 558 944 708 985; x_wconf 77' lang='lat' dir='ltr'>multa,</span> <span class='ocrx_word' id='word_1_192' title='bbox 733 945 926 986; x_wconf 87' lang='lat' dir='ltr'>simulacra,</span> <span class='ocrx_word' id='word_1_193' title='bbox 951 945 1026 988; x_wconf 88' lang='lat' dir='ltr'>quia</span> <span class='ocrx_word' id='word_1_194' title='bbox 1050 944 1150 978; x_wconf 87' lang='lat' dir='ltr'>multa</span> <span class='ocrx_word' id='word_1_195' title='bbox 1173 945 1262 978; x_wconf 87' lang='lat' dir='ltr'>folia.</span> <span class='ocrx_word' id='word_1_196' title='bbox 1286 962 1331 969; x_wconf 91' lang='lat'>—</span> <span class='ocrx_word' id='word_1_197' title='bbox 1356 947 1405 979; x_wconf 85' lang='lat' dir='ltr'>In</span> <span class='ocrx_word' id='word_1_198' title='bbox 1428 944 1566 990; x_wconf 79' lang='lat' dir='ltr'>foliis,</span> <span class='ocrx_word' id='word_1_199' title='bbox 1590 946 1644 980; x_wconf 92' lang='lat' dir='ltr'>alii</span> <span class='ocrx_word' id='word_1_200' title='bbox 1667 948 1700 980; x_wconf 90' lang='lat' dir='ltr'>in</span> <span class='ocrx_word' id='word_1_201' title='bbox 1724 947 1844 982; x_wconf 86' lang='lat' dir='ltr'>fluviis.</span> 
     </span>
    </p>

    <p class='ocr_par' dir='ltr' id='par_1_13' title="bbox 192 989 648 1034">
     <span class='ocr_line' id='line_1_21' title="bbox 192 989 648 1034; baseline -0.002 -10"><span class='ocrx_word' id='word_1_202' title='bbox 192 991 252 1024; x_wconf 89' lang='lat' dir='ltr'>Vs.</span> <span class='ocrx_word' id='word_1_203' title='bbox 277 989 355 1024; x_wconf 85' lang='grc'><strong>474.</strong></span> <span class='ocrx_word' id='word_1_204' title='bbox 406 990 520 1034; x_wconf 58' lang='lat' dir='ltr'>Agit,</span> <span class='ocrx_word' id='word_1_205' title='bbox 549 991 648 1033; x_wconf 89' lang='lat' dir='ltr'>cogit.</span> 
     </span>
    </p>

    <p class='ocr_par' dir='ltr' id='par_1_14' title="bbox 193 1034 1047 1081">
     <span class='ocr_line' id='line_1_22' title="bbox 193 1034 1047 1081; baseline -0.002 -11"><span class='ocrx_word' id='word_1_206' title='bbox 193 1037 250 1071; x_wconf 88' lang='lat' dir='ltr'>Vs.</span> <span class='ocrx_word' id='word_1_207' title='bbox 275 1034 354 1070; x_wconf 88' lang='grc'><strong>476.</strong></span> <span class='ocrx_word' id='word_1_208' title='bbox 403 1036 726 1081; x_wconf 70' lang='lat' dir='ltr'>Muqntmimum,</span> <span class='ocrx_word' id='word_1_209' title='bbox 753 1036 1047 1079; x_wconf 84' lang='lat' dir='ltr'>magnanimorum.</span> 
     </span>
    </p>

    <p class='ocr_par' dir='ltr' id='par_1_15' title="bbox 195 1081 778 1124">
     <span class='ocr_line' id='line_1_23' title="bbox 195 1081 778 1124; baseline -0.002 -10"><span class='ocrx_word' id='word_1_210' title='bbox 195 1083 251 1115; x_wconf 87' lang='lat' dir='ltr'>Vs.</span> <span class='ocrx_word' id='word_1_211' title='bbox 277 1081 355 1116; x_wconf 84' lang='lat'><strong>478.</strong></span> <span class='ocrx_word' id='word_1_212' title='bbox 405 1081 566 1115; x_wconf 75' lang='lat' dir='ltr'>Arundo</span> <span class='ocrx_word' id='word_1_213' title='bbox 577 1082 649 1122; x_wconf 83' lang='grc'><strong>26),</strong></span> <span class='ocrx_word' id='word_1_214' title='bbox 675 1082 778 1124; x_wconf 89' lang='lat' dir='ltr'>palus.</span> 
     </span>
    </p>

    <p class='ocr_par' dir='ltr' id='par_1_16' title="bbox 193 1126 2003 1175">
     <span class='ocr_line' id='line_1_24' title="bbox 193 1126 2003 1175; baseline 0.002 -14"><span class='ocrx_word' id='word_1_215' title='bbox 193 1129 249 1161; x_wconf 90' lang='lat' dir='ltr'>Vs.</span> <span class='ocrx_word' id='word_1_216' title='bbox 273 1126 353 1161; x_wconf 84' lang='lat'><strong>479.</strong></span> <span class='ocrx_word' id='word_1_217' title='bbox 406 1130 539 1171; x_wconf 75' lang='lat' dir='ltr'>Cocyti</span> <span class='ocrx_word' id='word_1_218' title='bbox 548 1152 560 1166; x_wconf 90' lang='lat'>,</span> <span class='ocrx_word' id='word_1_219' title='bbox 585 1127 722 1167; x_wconf 81' lang='lat' dir='ltr'>inferni3</span> <span class='ocrx_word' id='word_1_220' title='bbox 748 1126 887 1167; x_wconf 80' lang='lat' dir='ltr'>tarda,</span> <span class='ocrx_word' id='word_1_221' title='bbox 913 1128 1015 1170; x_wconf 82' lang='lat' dir='ltr'>pigra.</span> <span class='ocrx_word' id='word_1_222' title='bbox 1040 1144 1085 1151; x_wconf 92' lang='grc'>-</span> <span class='ocrx_word' id='word_1_223' title='bbox 1114 1128 1280 1171; x_wconf 67' lang='lat' dir='ltr'>Cocytus</span> <span class='ocrx_word' id='word_1_224' title='bbox 1302 1129 1530 1172; x_wconf 77' lang='lat' dir='ltr'>interpretatur</span> <span class='ocrx_word' id='word_1_225' title='bbox 1555 1129 1685 1172; x_wconf 87' lang='lat' dir='ltr'>luctus,</span> <span class='ocrx_word' id='word_1_226' title='bbox 1711 1136 1784 1175; x_wconf 87' lang='lat' dir='ltr'>styx</span> <span class='ocrx_word' id='word_1_227' title='bbox 1807 1132 2003 1174; x_wconf 64' lang='lat' dir='ltr'>tristitiam)</span> 
     </span>
    </p>

    <p class='ocr_par' dir='ltr' id='par_1_17' title="bbox 192 1170 1945 1221">
     <span class='ocr_line' id='line_1_25' title="bbox 192 1170 1945 1221; baseline 0.002 -14"><span class='ocrx_word' id='word_1_228' title='bbox 192 1174 250 1207; x_wconf 81' lang='lat' dir='ltr'>vs.</span> <span class='ocrx_word' id='word_1_229' title='bbox 274 1171 353 1206; x_wconf 85' lang='grc'><strong>480.</strong></span> <span class='ocrx_word' id='word_1_230' title='bbox 402 1171 567 1212; x_wconf 82' lang='lat' dir='ltr'>Novies,</span> <span class='ocrx_word' id='word_1_231' title='bbox 593 1172 788 1206; x_wconf 79' lang='lat' dir='ltr'>adverbium</span> <span class='ocrx_word' id='word_1_232' title='bbox 812 1175 947 1207; x_wconf 90' lang='lat' dir='ltr'>numeri.</span> <span class='ocrx_word' id='word_1_233' title='bbox 996 1170 1124 1217; x_wconf 71' lang='lat' dir='ltr'>Styx,</span> <span class='ocrx_word' id='word_1_234' title='bbox 1148 1174 1240 1217; x_wconf 90' lang='lat' dir='ltr'>palus</span> <span class='ocrx_word' id='word_1_235' title='bbox 1250 1174 1302 1216; x_wconf 83' lang='grc'>28)</span> <span class='ocrx_word' id='word_1_236' title='bbox 1326 1185 1388 1208; x_wconf 90' lang='lat' dir='ltr'>seu</span> <span class='ocrx_word' id='word_1_237' title='bbox 1411 1175 1575 1217; x_wconf 77' lang='lat' dir='ltr'>infernus3</span> <span class='ocrx_word' id='word_1_238' title='bbox 1599 1179 1777 1220; x_wconf 70' lang='lat' dir='ltr'>coercet,</span> <span class='ocrx_word' id='word_1_239' title='bbox 1803 1183 1945 1221; x_wconf 85' lang='lat' dir='ltr'>separat.</span> 
     </span>
    </p>

    <p class='ocr_par' dir='ltr' id='par_1_18' title="bbox 192 1217 725 1259">
     <span class='ocr_line' id='line_1_26' title="bbox 192 1217 725 1259; baseline -0.004 -7"><span class='ocrx_word' id='word_1_240' title='bbox 192 1219 249 1252; x_wconf 92' lang='lat' dir='ltr'>Vs.</span> <span class='ocrx_word' id='word_1_241' title='bbox 274 1217 353 1252; x_wconf 87' lang='grc'><strong>481.</strong></span> <span class='ocrx_word' id='word_1_242' title='bbox 403 1218 514 1258; x_wconf 88' lang='lat' dir='ltr'>Leti,</span> <span class='ocrx_word' id='word_1_243' title='bbox 540 1220 662 1252; x_wconf 83' lang='lat' dir='ltr'>mortis.</span> <span class='ocrx_word' id='word_1_244' title='bbox 674 1219 725 1259; x_wconf 80' lang='grc'><strong>29)</strong></span> 
     </span>
    </p>

    <p class='ocr_par' dir='ltr' id='par_1_19' title="bbox 192 1263 1263 1310">
     <span class='ocr_line' id='line_1_27' title="bbox 192 1263 1263 1310; baseline -0.001 -13"><span class='ocrx_word' id='word_1_245' title='bbox 192 1264 248 1299; x_wconf 90' lang='lat' dir='ltr'>Vs.</span> <span class='ocrx_word' id='word_1_246' title='bbox 273 1263 352 1298; x_wconf 86' lang='grc'><strong>482.</strong></span> <span class='ocrx_word' id='word_1_247' title='bbox 404 1264 636 1303; x_wconf 79' lang='lat' dir='ltr'>Caeruleos,</span> <span class='ocrx_word' id='word_1_248' title='bbox 662 1266 785 1308; x_wconf 90' lang='lat' dir='ltr'>nigros.</span> <span class='ocrx_word' id='word_1_249' title='bbox 832 1267 1029 1310; x_wconf 75' lang='lat' dir='ltr'>Inpexae,</span> <span class='ocrx_word' id='word_1_250' title='bbox 1055 1265 1263 1306; x_wconf 86' lang='lat' dir='ltr'>ornatae.30)</span> 
     </span>
    </p>

    <p class='ocr_par' dir='ltr' id='par_1_20' title="bbox 192 1308 1974 1359">
     <span class='ocr_line' id='line_1_28' title="bbox 192 1308 1974 1359; baseline 0.003 -16"><span class='ocrx_word' id='word_1_251' title='bbox 192 1310 246 1344; x_wconf 88' lang='lat' dir='ltr'>Vs.</span> <span class='ocrx_word' id='word_1_252' title='bbox 272 1308 350 1343; x_wconf 88' lang='grc'><strong>483.</strong></span> <span class='ocrx_word' id='word_1_253' title='bbox 397 1309 658 1350; x_wconf 73' lang='lat' dir='ltr'>Eumenides,</span> <span class='ocrx_word' id='word_1_254' title='bbox 683 1310 844 1353; x_wconf 81' lang='lat' dir='ltr'>nymphae</span> <span class='ocrx_word' id='word_1_255' title='bbox 871 1322 929 1343; x_wconf 88' lang='lat' dir='ltr'>seu</span> <span class='ocrx_word' id='word_1_256' title='bbox 953 1311 1132 1354; x_wconf 84' lang='lat' dir='ltr'>coiugales.</span> <span class='ocrx_word' id='word_1_257' title='bbox 1156 1329 1200 1335; x_wconf 91' lang='lat'>—</span> <span class='ocrx_word' id='word_1_258' title='bbox 1229 1309 1438 1352; x_wconf 77' lang='lat' dir='ltr'>Cerberus,</span> <span class='ocrx_word' id='word_1_259' title='bbox 1463 1315 1554 1347; x_wconf 91' lang='lat' dir='ltr'>canis</span> <span class='ocrx_word' id='word_1_260' title='bbox 1583 1313 1660 1347; x_wconf 89' lang='lat' dir='ltr'>Orci</span> <span class='ocrx_word' id='word_1_261' title='bbox 1685 1316 1772 1359; x_wconf 87' lang='lat' dir='ltr'>regis</span> <span class='ocrx_word' id='word_1_262' title='bbox 1797 1315 1974 1348; x_wconf 86' lang='lat' dir='ltr'>Molossus.</span> 
     </span>
    </p>

    <p class='ocr_par' dir='ltr' id='par_1_21' title="bbox 59 1354 2204 1496">
     <span class='ocr_line' id='line_1_29' title="bbox 193 1354 2204 1401; baseline 0.003 -12"><span class='ocrx_word' id='word_1_263' title='bbox 193 1356 250 1391; x_wconf 85' lang='lat' dir='ltr'>Vs.</span> <span class='ocrx_word' id='word_1_264' title='bbox 274 1354 352 1390; x_wconf 82' lang='grc'><strong>484.</strong></span> <span class='ocrx_word' id='word_1_265' title='bbox 402 1355 575 1395; x_wconf 75' lang='lat' dir='ltr'>Ixionii,</span> <span class='ocrx_word' id='word_1_266' title='bbox 609 1356 770 1399; x_wconf 89' lang='lat' dir='ltr'>profundi.</span> <span class='ocrx_word' id='word_1_267' title='bbox 817 1357 926 1397; x_wconf 80' lang='lat' dir='ltr'>Ixion,</span> <span class='ocrx_word' id='word_1_268' title='bbox 958 1367 1013 1389; x_wconf 83' lang='lat' dir='ltr'>rex</span> <span class='ocrx_word' id='word_1_269' title='bbox 1036 1357 1240 1401; x_wconf 86' lang='lat' dir='ltr'>Lapitharum</span> <span class='ocrx_word' id='word_1_270' title='bbox 1251 1358 1325 1399; x_wconf 84' lang='lat'>31),</span> <span class='ocrx_word' id='word_1_271' title='bbox 1350 1369 1499 1392; x_wconf 90' lang='lat' dir='ltr'>socerum</span> <span class='ocrx_word' id='word_1_272' title='bbox 1531 1371 1626 1393; x_wconf 90' lang='lat' dir='ltr'>suum</span> <span class='ocrx_word' id='word_1_273' title='bbox 1658 1362 1808 1394; x_wconf 85' lang='lat' dir='ltr'>interficit</span> <span class='ocrx_word' id='word_1_274' title='bbox 1840 1366 1872 1394; x_wconf 90' lang='lat' dir='ltr'>et</span> <span class='ocrx_word' id='word_1_275' title='bbox 1896 1361 1937 1394; x_wconf 93' lang='lat' dir='ltr'>ab</span> <span class='ocrx_word' id='word_1_276' title='bbox 1965 1361 2042 1394; x_wconf 88' lang='lat' dir='ltr'>Iove</span> <span class='ocrx_word' id='word_1_277' title='bbox 2067 1363 2099 1395; x_wconf 90' lang='lat' dir='ltr'>in</span> <span class='ocrx_word' id='word_1_278' title='bbox 2125 1372 2204 1395; x_wconf 90' lang='lat' dir='ltr'>cae-</span> 
     </span>
     <span class='ocr_line' id='line_1_30' title="bbox 59 1401 2204 1451; baseline 0.002 -15"><span class='ocrx_word' id='word_1_279' title='bbox 59 1403 127 1436; x_wconf 90' lang='lat' dir='ltr'>lum</span> <span class='ocrx_word' id='word_1_280' title='bbox 153 1409 308 1446; x_wconf 88' lang='lat' dir='ltr'>receptus</span> <span class='ocrx_word' id='word_1_281' title='bbox 332 1401 488 1436; x_wconf 86' lang='lat' dir='ltr'>Iunonem</span> <span class='ocrx_word' id='word_1_282' title='bbox 512 1407 660 1445; x_wconf 90' lang='lat' dir='ltr'>stuprare</span> <span class='ocrx_word' id='word_1_283' title='bbox 684 1403 791 1445; x_wconf 88' lang='lat' dir='ltr'>coepit</span> <span class='ocrx_word' id='word_1_284' title='bbox 816 1408 848 1441; x_wconf 77' lang='lat' dir='ltr'>et</span> <span class='ocrx_word' id='word_1_285' title='bbox 875 1402 1076 1445; x_wconf 87' lang='lat' dir='ltr'>conpellare,</span> <span class='ocrx_word' id='word_1_286' title='bbox 1103 1409 1136 1436; x_wconf 87' lang='lat' dir='ltr'>et</span> <span class='ocrx_word' id='word_1_287' title='bbox 1160 1403 1202 1436; x_wconf 94' lang='lat' dir='ltr'>ob</span> <span class='ocrx_word' id='word_1_288' title='bbox 1227 1403 1290 1436; x_wconf 92' lang='lat' dir='ltr'>hoc</span> <span class='ocrx_word' id='word_1_289' title='bbox 1315 1404 1398 1437; x_wconf 88' lang='lat' dir='ltr'>inter</span> <span class='ocrx_word' id='word_1_290' title='bbox 1423 1407 1542 1438; x_wconf 91' lang='lat' dir='ltr'>eiectus</span> <span class='ocrx_word' id='word_1_291' title='bbox 1569 1406 1717 1440; x_wconf 88' lang='lat' dir='ltr'>reliolere</span> <span class='ocrx_word' id='word_1_292' title='bbox 1742 1409 1849 1441; x_wconf 88' lang='lat' dir='ltr'>coevit</span> <span class='ocrx_word' id='word_1_293' title='bbox 1874 1407 2015 1451; x_wconf 85' lang='lat' dir='ltr'>ideoque</span> <span class='ocrx_word' id='word_1_294' title='bbox 2039 1407 2081 1441; x_wconf 92' lang='lat' dir='ltr'>ad</span> <span class='ocrx_word' id='word_1_295' title='bbox 2098 1414 2204 1442; x_wconf 87' lang='lat' dir='ltr'>rotam</span> 
     </span>
     <span class='ocr_line' id='line_1_31' title="bbox 59 1446 1579 1496; baseline 0.001 -14"><span class='ocrx_word' id='word_1_296' title='bbox 59 1448 178 1493; x_wconf 86' lang='lat' dir='ltr'>lgatus</span> <span class='ocrx_word' id='word_1_297' title='bbox 203 1450 236 1482; x_wconf 89' lang='lat' dir='ltr'>in</span> <span class='ocrx_word' id='word_1_298' title='bbox 261 1448 385 1482; x_wconf 89' lang='lat' dir='ltr'>inferno</span> <span class='ocrx_word' id='word_1_299' title='bbox 410 1449 633 1496; x_wconf 46' lang='lat' dir='ltr'>volvitur3—</span> <span class='ocrx_word' id='word_1_300' title='bbox 662 1446 846 1482; x_wconf 80' lang='lat' dir='ltr'>Constitit</span> <span class='ocrx_word' id='word_1_301' title='bbox 873 1447 1002 1489; x_wconf 82' lang='lat' dir='ltr'>orbis,</span> <span class='ocrx_word' id='word_1_302' title='bbox 1029 1459 1128 1481; x_wconf 89' lang='lat' dir='ltr'>causa</span> <span class='ocrx_word' id='word_1_303' title='bbox 1151 1449 1359 1483; x_wconf 87' lang='lat' dir='ltr'>volubilitatis</span> <span class='ocrx_word' id='word_1_304' title='bbox 1384 1452 1516 1494; x_wconf 87' lang='lat' dir='ltr'>quievit.</span> <span class='ocrx_word' id='word_1_305' title='bbox 1527 1453 1579 1494; x_wconf 83' lang='lat'>32)</span> 
     </span>
    </p>

    <p class='ocr_par' dir='ltr' id='par_1_22' title="bbox 192 1491 2205 1542">
     <span class='ocr_line' id='line_1_32' title="bbox 192 1491 2205 1542; baseline 0.003 -15"><span class='ocrx_word' id='word_1_306' title='bbox 192 1495 247 1527; x_wconf 85' lang='lat' dir='ltr'>Vs.</span> <span class='ocrx_word' id='word_1_307' title='bbox 272 1491 352 1528; x_wconf 88' lang='grc'><strong>488.</strong></span> <span class='ocrx_word' id='word_1_308' title='bbox 402 1492 610 1528; x_wconf 78' lang='lat' dir='ltr'>Incautum</span> <span class='ocrx_word' id='word_1_309' title='bbox 622 1519 632 1533; x_wconf 92' lang='lat'>‚</span> <span class='ocrx_word' id='word_1_310' title='bbox 650 1503 716 1526; x_wconf 91' lang='lat' dir='ltr'>non</span> <span class='ocrx_word' id='word_1_311' title='bbox 736 1495 932 1537; x_wconf 83' lang='lat' dir='ltr'>cogitantem</span> <span class='ocrx_word' id='word_1_312' title='bbox 950 1495 998 1527; x_wconf 87' lang='lat' dir='ltr'>rei</span> <span class='ocrx_word' id='word_1_313' title='bbox 1017 1500 1177 1527; x_wconf 88' lang='lat' dir='ltr'>eventum.</span> <span class='ocrx_word' id='word_1_314' title='bbox 1218 1493 1430 1530; x_wconf 79' lang='lat' dir='ltr'>Dementia</span> <span class='ocrx_word' id='word_1_315' title='bbox 1448 1499 1553 1542; x_wconf 82' lang='lat' dir='ltr'>cepit</span> <span class='ocrx_word' id='word_1_316' title='bbox 1573 1500 1785 1538; x_wconf 82' lang='lat' dir='ltr'>amantem,</span> <span class='ocrx_word' id='word_1_317' title='bbox 1804 1497 1968 1541; x_wconf 86' lang='lat' dir='ltr'>epitheton</span> <span class='ocrx_word' id='word_1_318' title='bbox 1986 1505 2037 1532; x_wconf 91' lang='lat' dir='ltr'>est</span> <span class='ocrx_word' id='word_1_319' title='bbox 2056 1502 2205 1534; x_wconf 87' lang='lat' dir='ltr'>amantis.</span> 
     </span>
    </p>

    <p class='ocr_par' dir='ltr' id='par_1_23' title="bbox 60 1537 2204 1630">
     <span class='ocr_line' id='line_1_33' title="bbox 192 1537 2204 1588; baseline 0.003 -15"><span class='ocrx_word' id='word_1_320' title='bbox 192 1540 249 1573; x_wconf 90' lang='lat' dir='ltr'>Vs.</span> <span class='ocrx_word' id='word_1_321' title='bbox 273 1537 351 1573; x_wconf 84' lang='lat'><strong>489.</strong></span> <span class='ocrx_word' id='word_1_322' title='bbox 402 1537 668 1586; x_wconf 74' lang='lat' dir='ltr'>lquoscenda,</span> <span class='ocrx_word' id='word_1_323' title='bbox 692 1539 911 1583; x_wconf 85' lang='lat' dir='ltr'>indulgenda,</span> <span class='ocrx_word' id='word_1_324' title='bbox 935 1542 1010 1584; x_wconf 88' lang='lat' dir='ltr'>quia</span> <span class='ocrx_word' id='word_1_325' title='bbox 1034 1542 1152 1574; x_wconf 88' lang='lat' dir='ltr'>amoris</span> <span class='ocrx_word' id='word_1_326' title='bbox 1177 1551 1276 1574; x_wconf 84' lang='lat' dir='ltr'>causa</span> <span class='ocrx_word' id='word_1_327' title='bbox 1299 1541 1363 1575; x_wconf 91' lang='lat' dir='ltr'>hoc</span> <span class='ocrx_word' id='word_1_328' title='bbox 1386 1542 1482 1584; x_wconf 80' lang='lat' dir='ltr'>fecit3</span> <span class='ocrx_word' id='word_1_329' title='bbox 1507 1543 1759 1588; x_wconf 59' lang='lat' dir='ltr'>ignoscenda,</span> <span class='ocrx_word' id='word_1_330' title='bbox 1783 1546 1989 1588; x_wconf 86' lang='lat' dir='ltr'>participium</span> <span class='ocrx_word' id='word_1_331' title='bbox 2014 1547 2085 1579; x_wconf 88' lang='lat' dir='ltr'>sine</span> <span class='ocrx_word' id='word_1_332' title='bbox 2110 1546 2204 1579; x_wconf 89' lang='lat' dir='ltr'>verbi</span> 
     </span>
     <span class='ocr_line' id='line_1_34' title="bbox 60 1584 536 1630; baseline -0.004 -10"><span class='ocrx_word' id='word_1_333' title='bbox 60 1586 197 1630; x_wconf 87' lang='lat' dir='ltr'>origine.</span> <span class='ocrx_word' id='word_1_334' title='bbox 221 1603 267 1610; x_wconf 91' lang='lat'>-—</span> <span class='ocrx_word' id='word_1_335' title='bbox 291 1584 452 1625; x_wconf 77' lang='lat' dir='ltr'>Manes,</span> <span class='ocrx_word' id='word_1_336' title='bbox 481 1586 536 1618; x_wconf 91' lang='lat' dir='ltr'>dii.</span> 
     </span>
    </p>

    <p class='ocr_par' dir='ltr' id='par_1_24' title="bbox 191 1629 1010 1677">
     <span class='ocr_line' id='line_1_35' title="bbox 191 1629 1010 1677; baseline 0 -13"><span class='ocrx_word' id='word_1_337' title='bbox 191 1632 247 1665; x_wconf 90' lang='lat' dir='ltr'>Vs.</span> <span class='ocrx_word' id='word_1_338' title='bbox 275 1629 352 1665; x_wconf 88' lang='grc'><strong>490.</strong></span> <span class='ocrx_word' id='word_1_339' title='bbox 401 1629 507 1665; x_wconf 82' lang='lat' dir='ltr'>Luce</span> <span class='ocrx_word' id='word_1_340' title='bbox 532 1630 602 1665; x_wconf 83' lang='lat' dir='ltr'>sub</span> <span class='ocrx_word' id='word_1_341' title='bbox 627 1632 739 1677; x_wconf 79' lang='lat' dir='ltr'>ipsa,</span> <span class='ocrx_word' id='word_1_342' title='bbox 764 1641 866 1675; x_wconf 89' lang='lat' dir='ltr'>prope</span> <span class='ocrx_word' id='word_1_343' title='bbox 891 1631 1010 1664; x_wconf 86' lang='lat' dir='ltr'>lucem.</span> 
     </span>
    </p>

    <p class='ocr_par' dir='ltr' id='par_1_25' title="bbox 21 1675 2203 1769">
     <span class='ocr_line' id='line_1_36' title="bbox 190 1675 2203 1725; baseline 0.003 -15"><span class='ocrx_word' id='word_1_344' title='bbox 190 1675 246 1710; x_wconf 91' lang='lat' dir='ltr'>Vs.</span> <span class='ocrx_word' id='word_1_345' title='bbox 275 1675 353 1711; x_wconf 85' lang='lat'><strong>491.</strong></span> <span class='ocrx_word' id='word_1_346' title='bbox 410 1675 619 1722; x_wconf 77' lang='lat' dir='ltr'>Victus-que</span> <span class='ocrx_word' id='word_1_347' title='bbox 644 1678 789 1717; x_wconf 80' lang='lat' dir='ltr'>animi,</span> <span class='ocrx_word' id='word_1_348' title='bbox 814 1683 982 1721; x_wconf 85' lang='lat' dir='ltr'>praestans</span> <span class='ocrx_word' id='word_1_349' title='bbox 1008 1679 1116 1720; x_wconf 91' lang='lat' dir='ltr'>animi,</span> <span class='ocrx_word' id='word_1_350' title='bbox 1140 1677 1174 1711; x_wconf 89' lang='lat' dir='ltr'>id</span> <span class='ocrx_word' id='word_1_351' title='bbox 1200 1683 1249 1711; x_wconf 83' lang='lat' dir='ltr'>est</span> <span class='ocrx_word' id='word_1_352' title='bbox 1275 1687 1399 1721; x_wconf 85' lang='lat' dir='ltr'>amore,</span> <span class='ocrx_word' id='word_1_353' title='bbox 1422 1681 1612 1725; x_wconf 70' lang='lat' dir='ltr'>respexit,</span> <span class='ocrx_word' id='word_1_354' title='bbox 1638 1678 1798 1725; x_wconf 89' lang='lat' dir='ltr'>Orpheus.</span> <span class='ocrx_word' id='word_1_355' title='bbox 1823 1698 1869 1706; x_wconf 92' lang='lat'><em>-</em></span> <span class='ocrx_word' id='word_1_356' title='bbox 1900 1679 2049 1722; x_wconf 78' lang='lat' dir='ltr'>Victus,</span> <span class='ocrx_word' id='word_1_357' title='bbox 2073 1693 2203 1723; x_wconf 89' lang='lat' dir='ltr'>amore;</span> 
     </span>
     <span class='ocr_line' id='line_1_37' title="bbox 21 1722 580 1769; baseline 0.002 -13"><span class='ocrx_word' id='word_1_358' title='bbox 21 1722 29 1727; x_wconf 72' lang='lat'><strong><em>‘</em></strong></span> <span class='ocrx_word' id='word_1_359' title='bbox 58 1725 252 1769; x_wconf 74' lang='lat' dir='ltr'>respexit,</span> <span class='ocrx_word' id='word_1_360' title='bbox 277 1724 438 1756; x_wconf 86' lang='lat' dir='ltr'>commisit</span> <span class='ocrx_word' id='word_1_361' title='bbox 462 1723 580 1767; x_wconf 86' lang='lat' dir='ltr'>legem.</span> 
     </span>
    </p>

    <p class='ocr_par' dir='ltr' id='par_1_26' title="bbox 191 1767 1016 1813">
     <span class='ocr_line' id='line_1_38' title="bbox 191 1767 1016 1813; baseline 0.002 -12"><span class='ocrx_word' id='word_1_362' title='bbox 191 1769 246 1802; x_wconf 91' lang='lat' dir='ltr'>Vs.</span> <span class='ocrx_word' id='word_1_363' title='bbox 271 1767 350 1803; x_wconf 89' lang='grc'><strong>492.</strong></span> <span class='ocrx_word' id='word_1_364' title='bbox 399 1768 562 1813; x_wconf 80' lang='lat' dir='ltr'>Effusas</span> <span class='ocrx_word' id='word_1_365' title='bbox 588 1768 723 1810; x_wconf 82' lang='lat' dir='ltr'>labor,</span> <span class='ocrx_word' id='word_1_366' title='bbox 747 1769 781 1803; x_wconf 90' lang='lat' dir='ltr'>id</span> <span class='ocrx_word' id='word_1_367' title='bbox 804 1774 853 1802; x_wconf 86' lang='lat' dir='ltr'>est</span> <span class='ocrx_word' id='word_1_368' title='bbox 877 1769 1016 1803; x_wconf 87' lang='lat' dir='ltr'>tacendi.</span> 
     </span>
    </p>

    <p class='ocr_par' dir='ltr' id='par_1_27' title="bbox 55 1812 2204 2134">
     <span class='ocr_line' id='line_1_39' title="bbox 189 1812 2203 1862; baseline 0.003 -15"><span class='ocrx_word' id='word_1_369' title='bbox 189 1814 245 1848; x_wconf 89' lang='lat' dir='ltr'>Vs.</span> <span class='ocrx_word' id='word_1_370' title='bbox 272 1812 351 1849; x_wconf 88' lang='grc'><strong>493.</strong></span> <span class='ocrx_word' id='word_1_371' title='bbox 398 1813 599 1855; x_wconf 82' lang='lat' dir='ltr'>Foedera,</span> <span class='ocrx_word' id='word_1_372' title='bbox 634 1817 743 1859; x_wconf 89' lang='lat' dir='ltr'>pactio</span> <span class='ocrx_word' id='word_1_373' title='bbox 776 1816 831 1849; x_wconf 90' lang='lat' dir='ltr'>vel</span> <span class='ocrx_word' id='word_1_374' title='bbox 865 1820 1098 1859; x_wconf 65' lang='lat' dir='ltr'>praeceptum</span> <span class='ocrx_word' id='word_1_375' title='bbox 1131 1815 1216 1850; x_wconf 90' lang='lat' dir='ltr'>dicta</span> <span class='ocrx_word' id='word_1_376' title='bbox 1249 1818 1333 1850; x_wconf 90' lang='lat' dir='ltr'>enim</span> <span class='ocrx_word' id='word_1_377' title='bbox 1365 1816 1469 1850; x_wconf 89' lang='lat' dir='ltr'>fuerat</span> <span class='ocrx_word' id='word_1_378' title='bbox 1502 1817 1575 1858; x_wconf 87' lang='lat' dir='ltr'>lex,</span> <span class='ocrx_word' id='word_1_379' title='bbox 1609 1828 1651 1851; x_wconf 91' lang='lat' dir='ltr'>ne</span> <span class='ocrx_word' id='word_1_380' title='bbox 1684 1823 1760 1861; x_wconf 89' lang='lat' dir='ltr'>post</span> <span class='ocrx_word' id='word_1_381' title='bbox 1783 1828 1819 1851; x_wconf 91' lang='lat' dir='ltr'>se</span> <span class='ocrx_word' id='word_1_382' title='bbox 1841 1819 2030 1862; x_wconf 87' lang='lat' dir='ltr'>respiceret.</span> <span class='ocrx_word' id='word_1_383' title='bbox 2078 1818 2203 1853; x_wconf 85' lang='lat' dir='ltr'>Fabula</span> 
     </span>
     <span class='ocr_line' id='line_1_40' title="bbox 56 1859 2204 1909; baseline 0.002 -15"><span class='ocrx_word' id='word_1_384' title='bbox 56 1860 142 1894; x_wconf 88' lang='lat' dir='ltr'>talis.</span> <span class='ocrx_word' id='word_1_385' title='bbox 188 1859 375 1901; x_wconf 83' lang='lat' dir='ltr'>Aristaeus,</span> <span class='ocrx_word' id='word_1_386' title='bbox 403 1861 539 1904; x_wconf 89' lang='lat' dir='ltr'>cupidus</span> <span class='ocrx_word' id='word_1_387' title='bbox 564 1867 687 1904; x_wconf 90' lang='lat' dir='ltr'>pastor,</span> <span class='ocrx_word' id='word_1_388' title='bbox 711 1862 795 1894; x_wconf 85' lang='lat' dir='ltr'>filius</span> <span class='ocrx_word' id='word_1_389' title='bbox 821 1861 980 1904; x_wconf 84' lang='lat' dir='ltr'>Apollinis</span> <span class='ocrx_word' id='word_1_390' title='bbox 1006 1867 1036 1893; x_wconf 92' lang='lat' dir='ltr'>et</span> <span class='ocrx_word' id='word_1_391' title='bbox 1063 1861 1206 1903; x_wconf 83' lang='lat' dir='ltr'>Cyrenes</span> <span class='ocrx_word' id='word_1_392' title='bbox 1242 1868 1431 1906; x_wconf 90' lang='lat' dir='ltr'>persecutus</span> <span class='ocrx_word' id='word_1_393' title='bbox 1455 1862 1637 1906; x_wconf 81' lang='lat' dir='ltr'>Eurydicen</span> <span class='ocrx_word' id='word_1_394' title='bbox 1662 1865 1696 1896; x_wconf 89' lang='lat' dir='ltr'>in</span> <span class='ocrx_word' id='word_1_395' title='bbox 1719 1869 1812 1907; x_wconf 90' lang='lat' dir='ltr'>prato</span> <span class='ocrx_word' id='word_1_396' title='bbox 1837 1864 1933 1898; x_wconf 86' lang='lat' dir='ltr'>flores</span> <span class='ocrx_word' id='word_1_397' title='bbox 1959 1865 2125 1909; x_wconf 90' lang='lat' dir='ltr'>legentem</span> <span class='ocrx_word' id='word_1_398' title='bbox 2150 1867 2204 1898; x_wconf 91' lang='lat' dir='ltr'>in-</span> 
     </span>
     <span class='ocr_line' id='line_1_41' title="bbox 56 1906 2204 1952; baseline 0.002 -12"><span class='ocrx_word' id='word_1_399' title='bbox 56 1907 303 1951; x_wconf 83' lang='lat' dir='ltr'>termixtamque</span> <span class='ocrx_word' id='word_1_400' title='bbox 327 1906 496 1949; x_wconf 89' lang='lat' dir='ltr'>nymphis,</span> <span class='ocrx_word' id='word_1_401' title='bbox 522 1907 636 1940; x_wconf 89' lang='lat' dir='ltr'>volens</span> <span class='ocrx_word' id='word_1_402' title='bbox 662 1918 734 1940; x_wconf 90' lang='lat' dir='ltr'>eam</span> <span class='ocrx_word' id='word_1_403' title='bbox 758 1912 923 1949; x_wconf 87' lang='lat' dir='ltr'>stuprare,</span> <span class='ocrx_word' id='word_1_404' title='bbox 947 1907 1070 1950; x_wconf 85' lang='lat' dir='ltr'>illaque</span> <span class='ocrx_word' id='word_1_405' title='bbox 1093 1907 1221 1950; x_wconf 85' lang='lat' dir='ltr'>fugiens</span> <span class='ocrx_word' id='word_1_406' title='bbox 1248 1909 1453 1941; x_wconf 88' lang='lat' dir='ltr'>concubitum</span> <span class='ocrx_word' id='word_1_407' title='bbox 1479 1914 1665 1952; x_wconf 89' lang='lat' dir='ltr'>serpentem</span> <span class='ocrx_word' id='word_1_408' title='bbox 1690 1920 1756 1942; x_wconf 91' lang='lat' dir='ltr'>non</span> <span class='ocrx_word' id='word_1_409' title='bbox 1781 1909 1958 1952; x_wconf 85' lang='lat' dir='ltr'>devitavit,</span> <span class='ocrx_word' id='word_1_410' title='bbox 1992 1916 2023 1944; x_wconf 87' lang='lat' dir='ltr'>et</span> <span class='ocrx_word' id='word_1_411' title='bbox 2048 1913 2077 1944; x_wconf 89' lang='lat' dir='ltr'>ei</span> <span class='ocrx_word' id='word_1_412' title='bbox 2104 1923 2204 1945; x_wconf 89' lang='lat' dir='ltr'>causa</span> 
     </span>
     <span class='ocr_line' id='line_1_42' title="bbox 56 1951 2204 2000; baseline 0.002 -14"><span class='ocrx_word' id='word_1_413' title='bbox 56 1953 170 1986; x_wconf 87' lang='lat' dir='ltr'>mortis</span> <span class='ocrx_word' id='word_1_414' title='bbox 194 1953 263 1986; x_wconf 85' lang='lat' dir='ltr'>fuit.</span> <span class='ocrx_word' id='word_1_415' title='bbox 312 1951 437 1985; x_wconf 87' lang='lat' dir='ltr'>Deinde</span> <span class='ocrx_word' id='word_1_416' title='bbox 462 1952 632 1996; x_wconf 88' lang='lat' dir='ltr'>Orpheus,</span> <span class='ocrx_word' id='word_1_417' title='bbox 657 1959 790 1986; x_wconf 89' lang='lat' dir='ltr'>coactus</span> <span class='ocrx_word' id='word_1_418' title='bbox 815 1952 979 1985; x_wconf 89' lang='lat' dir='ltr'>desiderio</span> <span class='ocrx_word' id='word_1_419' title='bbox 1002 1953 1170 1995; x_wconf 83' lang='lat' dir='ltr'>coniugis,</span> <span class='ocrx_word' id='word_1_420' title='bbox 1202 1953 1373 1986; x_wconf 82' lang='lat' dir='ltr'>descendit</span> <span class='ocrx_word' id='word_1_421' title='bbox 1401 1955 1434 1986; x_wconf 89' lang='lat' dir='ltr'>in</span> <span class='ocrx_word' id='word_1_422' title='bbox 1457 1954 1617 1987; x_wconf 86' lang='lat' dir='ltr'>infernum</span> <span class='ocrx_word' id='word_1_423' title='bbox 1642 1955 1743 1988; x_wconf 90' lang='lat' dir='ltr'>lenire</span> <span class='ocrx_word' id='word_1_424' title='bbox 1769 1954 1874 1989; x_wconf 83' lang='lat' dir='ltr'>Ditem</span> <span class='ocrx_word' id='word_1_425' title='bbox 1902 1962 1933 1989; x_wconf 91' lang='lat' dir='ltr'>et</span> <span class='ocrx_word' id='word_1_426' title='bbox 1958 1956 2204 2000; x_wconf 86' lang='lat' dir='ltr'>Proserpinam,</span> 
     </span>
     <span class='ocr_line' id='line_1_43' title="bbox 56 1997 2204 2046; baseline 0.003 -15"><span class='ocrx_word' id='word_1_427' title='bbox 56 2003 91 2031; x_wconf 92' lang='lat' dir='ltr'>ut</span> <span class='ocrx_word' id='word_1_428' title='bbox 115 1999 220 2041; x_wconf 89' lang='lat' dir='ltr'>possit</span> <span class='ocrx_word' id='word_1_429' title='bbox 243 1997 425 2040; x_wconf 78' lang='lat' dir='ltr'>Eurydicen</span> <span class='ocrx_word' id='word_1_430' title='bbox 452 1999 494 2031; x_wconf 90' lang='lat' dir='ltr'>ad</span> <span class='ocrx_word' id='word_1_431' title='bbox 518 2009 654 2042; x_wconf 88' lang='lat' dir='ltr'>superos</span> <span class='ocrx_word' id='word_1_432' title='bbox 679 1999 855 2038; x_wconf 87' lang='lat' dir='ltr'>reducere,</span> <span class='ocrx_word' id='word_1_433' title='bbox 889 2004 922 2031; x_wconf 86' lang='lat' dir='ltr'>et</span> <span class='ocrx_word' id='word_1_434' title='bbox 946 1998 1008 2030; x_wconf 92' lang='lat' dir='ltr'>hoc</span> <span class='ocrx_word' id='word_1_435' title='bbox 1036 2004 1174 2040; x_wconf 83' lang='lat' dir='ltr'>accepta</span> <span class='ocrx_word' id='word_1_436' title='bbox 1199 1999 1274 2043; x_wconf 84' lang='lat' dir='ltr'>lege</span> <span class='ocrx_word' id='word_1_437' title='bbox 1298 2001 1499 2043; x_wconf 86' lang='lat' dir='ltr'>impetravit,</span> <span class='ocrx_word' id='word_1_438' title='bbox 1534 2001 1561 2033; x_wconf 92' lang='lat' dir='ltr'>si</span> <span class='ocrx_word' id='word_1_439' title='bbox 1585 2011 1651 2034; x_wconf 91' lang='lat' dir='ltr'>non</span> <span class='ocrx_word' id='word_1_440' title='bbox 1677 2007 1753 2034; x_wconf 85' lang='lat' dir='ltr'>ante</span> <span class='ocrx_word' id='word_1_441' title='bbox 1776 2003 1998 2045; x_wconf 85' lang='lat' dir='ltr'>respexisset,</span> <span class='ocrx_word' id='word_1_442' title='bbox 2034 2013 2129 2046; x_wconf 87' lang='lat' dir='ltr'>quam</span> <span class='ocrx_word' id='word_1_443' title='bbox 2160 2004 2204 2037; x_wconf 89' lang='lat' dir='ltr'>ad</span> 
     </span>
     <span class='ocr_line' id='line_1_44' title="bbox 55 2043 2202 2092; baseline 0.002 -14"><span class='ocrx_word' id='word_1_444' title='bbox 55 2054 191 2087; x_wconf 89' lang='lat' dir='ltr'>superos</span> <span class='ocrx_word' id='word_1_445' title='bbox 217 2045 438 2088; x_wconf 86' lang='lat' dir='ltr'>pervenisset,</span> <span class='ocrx_word' id='word_1_446' title='bbox 466 2049 498 2077; x_wconf 90' lang='lat' dir='ltr'>et</span> <span class='ocrx_word' id='word_1_447' title='bbox 521 2046 651 2077; x_wconf 91' lang='lat' dir='ltr'>inritum</span> <span class='ocrx_word' id='word_1_448' title='bbox 677 2045 752 2078; x_wconf 87' lang='lat' dir='ltr'>fecit</span> <span class='ocrx_word' id='word_1_449' title='bbox 778 2054 872 2077; x_wconf 89' lang='lat' dir='ltr'>suum</span> <span class='ocrx_word' id='word_1_450' title='bbox 898 2043 1054 2076; x_wconf 87' lang='lat' dir='ltr'>laborem.</span> <span class='ocrx_word' id='word_1_451' title='bbox 1101 2043 1170 2077; x_wconf 91' lang='lat' dir='ltr'>Hoc</span> <span class='ocrx_word' id='word_1_452' title='bbox 1192 2056 1252 2088; x_wconf 89' lang='lat' dir='ltr'>per</span> <span class='ocrx_word' id='word_1_453' title='bbox 1274 2047 1437 2079; x_wconf 90' lang='lat' dir='ltr'>somnium</span> <span class='ocrx_word' id='word_1_454' title='bbox 1463 2051 1588 2079; x_wconf 88' lang='lat' dir='ltr'>tantum</span> <span class='ocrx_word' id='word_1_455' title='bbox 1615 2047 1719 2080; x_wconf 88' lang='lat' dir='ltr'>visum</span> <span class='ocrx_word' id='word_1_456' title='bbox 1745 2053 1813 2090; x_wconf 86' lang='lat' dir='ltr'>est,</span> <span class='ocrx_word' id='word_1_457' title='bbox 1849 2054 1883 2081; x_wconf 88' lang='lat' dir='ltr'>ut</span> <span class='ocrx_word' id='word_1_458' title='bbox 1907 2054 2009 2092; x_wconf 88' lang='lat' dir='ltr'>puto,</span> <span class='ocrx_word' id='word_1_459' title='bbox 2036 2049 2093 2083; x_wconf 86' lang='lat' dir='ltr'>sed</span> <span class='ocrx_word' id='word_1_460' title='bbox 2120 2050 2202 2083; x_wconf 90' lang='lat' dir='ltr'>ridi-</span> 
     </span>
     <span class='ocr_line' id='line_1_45' title="bbox 56 2089 1074 2134; baseline -0.001 -11"><span class='ocrx_word' id='word_1_461' title='bbox 56 2089 168 2125; x_wconf 90' lang='lat' dir='ltr'>culosa</span> <span class='ocrx_word' id='word_1_462' title='bbox 192 2091 356 2134; x_wconf 84' lang='lat' dir='ltr'>gentilitas</span> <span class='ocrx_word' id='word_1_463' title='bbox 381 2090 472 2132; x_wconf 89' lang='lat' dir='ltr'>fingit</span> <span class='ocrx_word' id='word_1_464' title='bbox 496 2090 590 2124; x_wconf 88' lang='lat' dir='ltr'>falsa.</span> <span class='ocrx_word' id='word_1_465' title='bbox 639 2089 902 2124; x_wconf 90' lang='lat' dir='ltr'>GAUDENTlUS</span> <span class='ocrx_word' id='word_1_466' title='bbox 928 2089 1074 2131; x_wconf 82' lang='lat' dir='ltr'>dicit.33)</span> 
     </span>
    </p>

    <p class='ocr_par' dir='ltr' id='par_1_28' title="bbox 189 2134 1437 2180">
     <span class='ocr_line' id='line_1_46' title="bbox 189 2134 1437 2180; baseline 0.002 -11"><span class='ocrx_word' id='word_1_467' title='bbox 189 2136 244 2169; x_wconf 86' lang='lat' dir='ltr'>Vs.</span> <span class='ocrx_word' id='word_1_468' title='bbox 271 2135 350 2170; x_wconf 89' lang='grc'><strong>494.</strong></span> <span class='ocrx_word' id='word_1_469' title='bbox 399 2134 498 2177; x_wconf 76' lang='lat' dir='ltr'>Illa,</span> <span class='ocrx_word' id='word_1_470' title='bbox 524 2138 612 2180; x_wconf 82' lang='lat' dir='ltr'>quis</span> <span class='ocrx_word' id='word_1_471' title='bbox 637 2142 668 2169; x_wconf 92' lang='lat' dir='ltr'>et</span> <span class='ocrx_word' id='word_1_472' title='bbox 693 2137 785 2180; x_wconf 84' lang='lat' dir='ltr'>reliq.</span> <span class='ocrx_word' id='word_1_473' title='bbox 811 2136 906 2170; x_wconf 88' lang='lat' dir='ltr'>dolor</span> <span class='ocrx_word' id='word_1_474' title='bbox 932 2137 1017 2170; x_wconf 87' lang='lat' dir='ltr'>enirn</span> <span class='ocrx_word' id='word_1_475' title='bbox 1040 2146 1107 2169; x_wconf 91' lang='lat' dir='ltr'>non</span> <span class='ocrx_word' id='word_1_476' title='bbox 1131 2140 1240 2179; x_wconf 85' lang='lat' dir='ltr'>potest</span> <span class='ocrx_word' id='word_1_477' title='bbox 1264 2138 1437 2172; x_wconf 86' lang='lat' dir='ltr'>contineri.</span> 
     </span>
    </p>

    <p class='ocr_par' dir='ltr' id='par_1_29' title="bbox 190 2179 829 2222">
     <span class='ocr_line' id='line_1_47' title="bbox 190 2179 829 2222; baseline 0.003 -9"><span class='ocrx_word' id='word_1_478' title='bbox 190 2180 247 2214; x_wconf 90' lang='lat' dir='ltr'>Vs.</span> <span class='ocrx_word' id='word_1_479' title='bbox 273 2180 352 2215; x_wconf 88' lang='grc'><strong>496.</strong></span> <span class='ocrx_word' id='word_1_480' title='bbox 400 2179 624 2222; x_wconf 69' lang='lat' dir='ltr'>Natarum,</span> <span class='ocrx_word' id='word_1_481' title='bbox 650 2183 829 2216; x_wconf 90' lang='lat' dir='ltr'>morientia.</span> 
     </span>
    </p>

    <p class='ocr_par' dir='ltr' id='par_1_30' title="bbox 189 2225 774 2272">
     <span class='ocr_line' id='line_1_48' title="bbox 189 2225 774 2272; baseline 0.003 -13"><span class='ocrx_word' id='word_1_482' title='bbox 189 2226 245 2260; x_wconf 91' lang='lat' dir='ltr'>Vs.</span> <span class='ocrx_word' id='word_1_483' title='bbox 271 2226 351 2261; x_wconf 87' lang='lat'><strong>497.</strong></span> <span class='ocrx_word' id='word_1_484' title='bbox 399 2225 578 2270; x_wconf 56' lang='lat' dir='ltr'>quenti,</span> <span class='ocrx_word' id='word_1_485' title='bbox 602 2234 774 2272; x_wconf 91' lang='lat' dir='ltr'>perpetua.</span> 
     </span>
    </p>

    <p class='ocr_par' dir='ltr' id='par_1_31' title="bbox 187 2271 1394 2319">
     <span class='ocr_line' id='line_1_49' title="bbox 187 2271 1394 2319; baseline 0.002 -13"><span class='ocrx_word' id='word_1_486' title='bbox 187 2272 243 2306; x_wconf 89' lang='lat' dir='ltr'>Vs.</span> <span class='ocrx_word' id='word_1_487' title='bbox 269 2271 348 2307; x_wconf 90' lang='grc'><strong>498.</strong></span> <span class='ocrx_word' id='word_1_488' title='bbox 395 2271 488 2306; x_wconf 82' lang='lat' dir='ltr'>Non</span> <span class='ocrx_word' id='word_1_489' title='bbox 513 2276 606 2314; x_wconf 83' lang='lat' dir='ltr'>tua,</span> <span class='ocrx_word' id='word_1_490' title='bbox 630 2273 789 2317; x_wconf 88' lang='lat' dir='ltr'>praedixit</span> <span class='ocrx_word' id='word_1_491' title='bbox 814 2274 918 2307; x_wconf 86' lang='lat' dir='ltr'>enim:</span> <span class='ocrx_word' id='word_1_492' title='bbox 945 2273 1246 2319; x_wconf 76' lang='lat' dir='ltr'>Eurydicenque</span> <span class='ocrx_word' id='word_1_493' title='bbox 1268 2284 1394 2309; x_wconf 85' lang='lat' dir='ltr'>suam.</span> 
     </span>
    </p>

    <p class='ocr_par' dir='ltr' id='par_1_32' title="bbox 187 2318 2202 2367">
     <span class='ocr_line' id='line_1_50' title="bbox 187 2318 2202 2367; baseline 0.004 -17"><span class='ocrx_word' id='word_1_494' title='bbox 187 2318 245 2352; x_wconf 87' lang='lat' dir='ltr'>Vs.</span> <span class='ocrx_word' id='word_1_495' title='bbox 270 2318 348 2353; x_wconf 87' lang='lat'><strong>500.</strong></span> <span class='ocrx_word' id='word_1_496' title='bbox 398 2320 576 2359; x_wconf 81' lang='lat' dir='ltr'>Diversa,</span> <span class='ocrx_word' id='word_1_497' title='bbox 601 2321 634 2353; x_wconf 93' lang='lat' dir='ltr'>in</span> <span class='ocrx_word' id='word_1_498' title='bbox 659 2320 786 2354; x_wconf 89' lang='lat' dir='ltr'>diversa</span> <span class='ocrx_word' id='word_1_499' title='bbox 811 2319 894 2353; x_wconf 81' lang='lat' dir='ltr'>loca.</span> <span class='ocrx_word' id='word_1_500' title='bbox 910 2338 954 2345; x_wconf 92' lang='lat'>—</span> <span class='ocrx_word' id='word_1_501' title='bbox 975 2319 1155 2360; x_wconf 83' lang='lat' dir='ltr'>Diversa,</span> <span class='ocrx_word' id='word_1_502' title='bbox 1173 2330 1258 2365; x_wconf 90' lang='lat' dir='ltr'>quae</span> <span class='ocrx_word' id='word_1_503' title='bbox 1276 2322 1439 2364; x_wconf 78' lang='lat' dir='ltr'>teneri34)</span> <span class='ocrx_word' id='word_1_504' title='bbox 1457 2332 1523 2356; x_wconf 89' lang='lat' dir='ltr'>non</span> <span class='ocrx_word' id='word_1_505' title='bbox 1540 2327 1668 2367; x_wconf 89' lang='lat' dir='ltr'>poterat</span> <span class='ocrx_word' id='word_1_506' title='bbox 1687 2328 1783 2367; x_wconf 87' lang='lat' dir='ltr'>rupto</span> <span class='ocrx_word' id='word_1_507' title='bbox 1804 2322 1940 2357; x_wconf 82' lang='lat' dir='ltr'>foedere</span> <span class='ocrx_word' id='word_1_508' title='bbox 1956 2324 2048 2367; x_wconf 83' lang='lat' dir='ltr'>leges</span> <span class='ocrx_word' id='word_1_509' title='bbox 2067 2325 2202 2358; x_wconf 87' lang='lat' dir='ltr'>vicerat.</span> 
     </span>
    </p>

    <p class='ocr_par' dir='ltr' id='par_1_33' title="bbox 187 2363 926 2406">
     <span class='ocr_line' id='line_1_51' title="bbox 187 2363 926 2406; baseline 0.003 -9"><span class='ocrx_word' id='word_1_510' title='bbox 187 2364 244 2399; x_wconf 84' lang='lat' dir='ltr'>Vs.</span> <span class='ocrx_word' id='word_1_511' title='bbox 269 2363 348 2398; x_wconf 86' lang='lat'><strong>502.</strong></span> <span class='ocrx_word' id='word_1_512' title='bbox 396 2363 585 2406; x_wconf 84' lang='lat' dir='ltr'>Portitor</span> <span class='ocrx_word' id='word_1_513' title='bbox 613 2363 726 2406; x_wconf 76' lang='lat' dir='ltr'>Orci,</span> <span class='ocrx_word' id='word_1_514' title='bbox 753 2365 926 2399; x_wconf 88' lang='lat' dir='ltr'>Cerberus.</span> 
     </span>
    </p>

    <p class='ocr_par' dir='ltr' id='par_1_34' title="bbox 188 2408 846 2456">
     <span class='ocr_line' id='line_1_52' title="bbox 188 2408 846 2456; baseline 0.003 -14"><span class='ocrx_word' id='word_1_515' title='bbox 188 2409 245 2444; x_wconf 91' lang='lat' dir='ltr'>Vs.</span> <span class='ocrx_word' id='word_1_516' title='bbox 269 2409 348 2445; x_wconf 87' lang='grc'><strong>503.</strong></span> <span class='ocrx_word' id='word_1_517' title='bbox 401 2408 626 2453; x_wconf 80' lang='lat' dir='ltr'>obiectam,</span> <span class='ocrx_word' id='word_1_518' title='bbox 651 2412 846 2456; x_wconf 89' lang='lat' dir='ltr'>obpositam.</span> 
     </span>
    </p>

    <p class='ocr_par' dir='ltr' id='par_1_35' title="bbox 187 2455 1536 2503">
     <span class='ocr_line' id='line_1_53' title="bbox 187 2455 1536 2503; baseline 0.004 -15"><span class='ocrx_word' id='word_1_519' title='bbox 187 2455 244 2489; x_wconf 84' lang='lat' dir='ltr'>Vs.</span> <span class='ocrx_word' id='word_1_520' title='bbox 269 2455 347 2490; x_wconf 89' lang='lat'><strong>504.</strong></span> <span class='ocrx_word' id='word_1_521' title='bbox 399 2455 505 2497; x_wconf 80' lang='lat' dir='ltr'>Quid</span> <span class='ocrx_word' id='word_1_522' title='bbox 527 2455 702 2501; x_wconf 81' lang='lat' dir='ltr'>faceret,</span> <span class='ocrx_word' id='word_1_523' title='bbox 729 2457 886 2491; x_wconf 89' lang='lat' dir='ltr'>subaudis</span> <span class='ocrx_word' id='word_1_524' title='bbox 909 2457 1089 2502; x_wconf 86' lang='lat' dir='ltr'>ignorabat.</span> <span class='ocrx_word' id='word_1_525' title='bbox 1114 2474 1158 2481; x_wconf 89' lang='lat'>-—-</span> <span class='ocrx_word' id='word_1_526' title='bbox 1185 2455 1348 2499; x_wconf 84' lang='lat' dir='ltr'>Ferret,</span> <span class='ocrx_word' id='word_1_527' title='bbox 1374 2457 1536 2503; x_wconf 77' lang='lat' dir='ltr'>Orpheus.</span> 
     </span>
    </p>

    <p class='ocr_par' dir='ltr' id='par_1_36' title="bbox 190 2501 1107 2549">
     <span class='ocr_line' id='line_1_54' title="bbox 190 2501 1107 2549; baseline 0.002 -14"><span class='ocrx_word' id='word_1_528' title='bbox 190 2501 246 2535; x_wconf 88' lang='grc' dir='ltr'>νε.</span> <span class='ocrx_word' id='word_1_529' title='bbox 271 2501 352 2536; x_wconf 86' lang='grc'><strong>506.</strong></span> <span class='ocrx_word' id='word_1_530' title='bbox 402 2501 567 2549; x_wconf 73' lang='lat' dir='ltr'>Styqia,</span> <span class='ocrx_word' id='word_1_531' title='bbox 593 2503 736 2545; x_wconf 83' lang='lat' dir='ltr'>inferna3</span> <span class='ocrx_word' id='word_1_532' title='bbox 761 2505 918 2548; x_wconf 75' lang='lat' dir='ltr'>cymba,</span> <span class='ocrx_word' id='word_1_533' title='bbox 942 2503 1107 2539; x_wconf 86' lang='lat' dir='ltr'>navicula.</span> 
     </span>
    </p>

    <p class='ocr_par' dir='ltr' id='par_1_37' title="bbox 188 2546 802 2593">
     <span class='ocr_line' id='line_1_55' title="bbox 188 2546 802 2593; baseline 0.002 -12"><span class='ocrx_word' id='word_1_534' title='bbox 188 2548 246 2582; x_wconf 84' lang='lat' dir='ltr'>Vs.</span> <span class='ocrx_word' id='word_1_535' title='bbox 271 2546 350 2582; x_wconf 84' lang='lat'><strong>508.</strong></span> <span class='ocrx_word' id='word_1_536' title='bbox 399 2547 648 2593; x_wconf 71' lang='lat' dir='ltr'>Strymonis,</span> <span class='ocrx_word' id='word_1_537' title='bbox 673 2550 802 2584; x_wconf 88' lang='lat' dir='ltr'>fluvius.</span> 
     </span>
    </p>

    <p class='ocr_par' dir='ltr' id='par_1_38' title="bbox 187 2592 875 2639">
     <span class='ocr_line' id='line_1_56' title="bbox 187 2592 875 2639; baseline 0.004 -13"><span class='ocrx_word' id='word_1_538' title='bbox 187 2593 244 2626; x_wconf 83' lang='lat' dir='ltr'>Vs.</span> <span class='ocrx_word' id='word_1_539' title='bbox 272 2592 354 2627; x_wconf 87' lang='lat'><strong>510.-</strong></span> <span class='ocrx_word' id='word_1_540' title='bbox 399 2594 610 2639; x_wconf 52' lang='lat' dir='ltr'>amentem,</span> <span class='ocrx_word' id='word_1_541' title='bbox 633 2601 813 2629; x_wconf 87' lang='lat' dir='ltr'>vocantem.</span> <span class='ocrx_word' id='word_1_542' title='bbox 826 2594 875 2638; x_wconf 82' lang='lat'>35)</span> 
     </span>
    </p>

    <p class='ocr_par' dir='ltr' id='par_1_39' title="bbox 53 2638 2198 2732">
     <span class='ocr_line' id='line_1_57' title="bbox 184 2638 2198 2690; baseline 0.003 -17"><span class='ocrx_word' id='word_1_543' title='bbox 184 2638 242 2672; x_wconf 78' lang='lat' dir='ltr'>Vs·</span> <span class='ocrx_word' id='word_1_544' title='bbox 268 2638 346 2674; x_wconf 87' lang='lat'><strong>511.</strong></span> <span class='ocrx_word' id='word_1_545' title='bbox 398 2638 650 2682; x_wconf 75' lang='lat' dir='ltr'>Philomela,</span> <span class='ocrx_word' id='word_1_546' title='bbox 675 2643 767 2674; x_wconf 92' lang='lat' dir='ltr'>cuius</span> <span class='ocrx_word' id='word_1_547' title='bbox 792 2641 938 2675; x_wconf 86' lang='lat' dir='ltr'>fabulam</span> <span class='ocrx_word' id='word_1_548' title='bbox 962 2652 1064 2686; x_wconf 87' lang='lat' dir='ltr'>saepe</span> <span class='ocrx_word' id='word_1_549' title='bbox 1092 2643 1282 2686; x_wconf 89' lang='lat' dir='ltr'>scripsimus</span> <span class='ocrx_word' id='word_1_550' title='bbox 1292 2643 1344 2685; x_wconf 79' lang='grc'><strong>36)</strong></span> <span class='ocrx_word' id='word_1_551' title='bbox 1370 2648 1403 2677; x_wconf 89' lang='lat' dir='ltr'>et</span> <span class='ocrx_word' id='word_1_552' title='bbox 1426 2642 1478 2677; x_wconf 83' lang='lat' dir='ltr'>hic</span> <span class='ocrx_word' id='word_1_553' title='bbox 1501 2644 1588 2686; x_wconf 63' lang='lat' dir='ltr'>avis,</span> <span class='ocrx_word' id='word_1_554' title='bbox 1621 2650 1655 2678; x_wconf 92' lang='lat' dir='ltr'>et</span> <span class='ocrx_word' id='word_1_555' title='bbox 1677 2645 1822 2689; x_wconf 88' lang='lat' dir='ltr'>speciem</span> <span class='ocrx_word' id='word_1_556' title='bbox 1843 2655 1902 2688; x_wconf 88' lang='lat' dir='ltr'>pro</span> <span class='ocrx_word' id='word_1_557' title='bbox 1929 2655 2050 2690; x_wconf 82' lang='lat' dir='ltr'>genere</span> <span class='ocrx_word' id='word_1_558' title='bbox 2074 2649 2198 2689; x_wconf 85' lang='lat' dir='ltr'>posuit.</span> 
     </span>
     <span class='ocr_line' id='line_1_58' title="bbox 53 2683 1450 2732; baseline 0.001 -12"><span class='ocrx_word' id='word_1_559' title='bbox 53 2703 96 2712; x_wconf 94' lang='lat'>—</span> <span class='ocrx_word' id='word_1_560' title='bbox 121 2683 328 2725; x_wconf 76' lang='lat' dir='ltr'>Maerens,</span> <span class='ocrx_word' id='word_1_561' title='bbox 351 2684 488 2730; x_wconf 81' lang='lat' dir='ltr'>lugens3</span> <span class='ocrx_word' id='word_1_562' title='bbox 512 2685 764 2727; x_wconf 74' lang='lat' dir='ltr'>Philomela,</span> <span class='ocrx_word' id='word_1_563' title='bbox 789 2690 957 2732; x_wconf 90' lang='lat' dir='ltr'>proprium</span> <span class='ocrx_word' id='word_1_564' title='bbox 980 2699 1099 2722; x_wconf 89' lang='lat' dir='ltr'>nomen</span> <span class='ocrx_word' id='word_1_565' title='bbox 1124 2690 1193 2722; x_wconf 86' lang='lat' dir='ltr'>avis</span> <span class='ocrx_word' id='word_1_566' title='bbox 1219 2688 1271 2722; x_wconf 90' lang='lat' dir='ltr'>vel</span> <span class='ocrx_word' id='word_1_567' title='bbox 1295 2689 1450 2722; x_wconf 88' lang='lat' dir='ltr'>mulieris.</span> 
     </span>
    </p>
   </div>
   <div class='ocr_carea' id='block_1_9' title="bbox 52 2764 2197 3040">
    <p class='ocr_par' dir='ltr' id='par_1_40' title="bbox 52 2764 2197 3040">
     <span class='ocr_line' id='line_1_59' title="bbox 185 2764 2197 2814; baseline 0.003 -16"><span class='ocrx_word' id='word_1_568' title='bbox 185 2765 238 2807; x_wconf 78' lang='grc'><strong>22)</strong></span> <span class='ocrx_word' id='word_1_569' title='bbox 263 2764 477 2799; x_wconf 83' lang='lat' dir='ltr'>trachiae.</span> <span class='ocrx_word' id='word_1_570' title='bbox 524 2766 576 2807; x_wconf 78' lang='lat'>23)</span> <span class='ocrx_word' id='word_1_571' title='bbox 603 2765 850 2808; x_wconf 83' lang='lat' dir='ltr'>perifrasis.</span> <span class='ocrx_word' id='word_1_572' title='bbox 896 2767 950 2808; x_wconf 73' lang='lat'>24)</span> <span class='ocrx_word' id='word_1_573' title='bbox 974 2766 1088 2800; x_wconf 90' lang='lat' dir='ltr'>lucis</span> <span class='ocrx_word' id='word_1_574' title='bbox 1113 2777 1213 2801; x_wconf 89' lang='lat' dir='ltr'>cum.</span> <span class='ocrx_word' id='word_1_575' title='bbox 1262 2766 1432 2802; x_wconf 88' lang='lat' dir='ltr'>Cornelius</span> <span class='ocrx_word' id='word_1_576' title='bbox 1459 2766 1571 2802; x_wconf 86' lang='lat' dir='ltr'>Gallus</span> <span class='ocrx_word' id='word_1_577' title='bbox 1604 2768 1831 2814; x_wconf 87' lang='lat' dir='ltr'>intelligendus</span> <span class='ocrx_word' id='word_1_578' title='bbox 1856 2774 1917 2803; x_wconf 90' lang='lat' dir='ltr'>est.</span> <span class='ocrx_word' id='word_1_579' title='bbox 1965 2770 2016 2811; x_wconf 83' lang='grc'><strong>25)</strong></span> <span class='ocrx_word' id='word_1_580' title='bbox 2042 2770 2197 2804; x_wconf 92' lang='lat' dir='ltr'>Philo-</span> 
     </span>
     <span class='ocr_line' id='line_1_60' title="bbox 52 2810 2195 2858; baseline 0.001 -12"><span class='ocrx_word' id='word_1_581' title='bbox 52 2810 182 2856; x_wconf 78' lang='lat' dir='ltr'>sophi</span> <span class='ocrx_word' id='word_1_582' title='bbox 207 2828 251 2835; x_wconf 90' lang='lat'>—-</span> <span class='ocrx_word' id='word_1_583' title='bbox 276 2812 318 2844; x_wconf 88' lang='lat' dir='ltr'>in</span> <span class='ocrx_word' id='word_1_584' title='bbox 340 2811 481 2852; x_wconf 79' lang='lat' dir='ltr'>feros,</span> <span class='ocrx_word' id='word_1_585' title='bbox 505 2821 525 2845; x_wconf 92' lang='lat' dir='ltr'>a</span> <span class='ocrx_word' id='word_1_586' title='bbox 549 2822 646 2844; x_wconf 88' lang='lat' dir='ltr'>manu</span> <span class='ocrx_word' id='word_1_587' title='bbox 671 2821 736 2845; x_wconf 88' lang='lat' dir='ltr'>rec.</span> <span class='ocrx_word' id='word_1_588' title='bbox 762 2812 926 2855; x_wconf 88' lang='lat' dir='ltr'>adscripta</span> <span class='ocrx_word' id='word_1_589' title='bbox 950 2823 1024 2846; x_wconf 87' lang='lat' dir='ltr'>esse</span> <span class='ocrx_word' id='word_1_590' title='bbox 1050 2812 1200 2846; x_wconf 88' lang='lat' dir='ltr'>videntur</span> <span class='ocrx_word' id='word_1_591' title='bbox 1258 2813 1312 2855; x_wconf 83' lang='grc'><strong>26)</strong></span> <span class='ocrx_word' id='word_1_592' title='bbox 1336 2814 1546 2848; x_wconf 88' lang='lat' dir='ltr'>harundo.</span> <span class='ocrx_word' id='word_1_593' title='bbox 1594 2816 1646 2856; x_wconf 76' lang='grc'><strong>27)</strong></span> <span class='ocrx_word' id='word_1_594' title='bbox 1680 2815 1873 2858; x_wconf 85' lang='lat' dir='ltr'>Cocytus</span> <span class='ocrx_word' id='word_1_595' title='bbox 1906 2833 1939 2840; x_wconf 93' lang='lat'>-</span> <span class='ocrx_word' id='word_1_596' title='bbox 1988 2817 2195 2858; x_wconf 87' lang='lat' dir='ltr'>tristitia,</span> 
     </span>
     <span class='ocr_line' id='line_1_61' title="bbox 53 2856 2195 2904; baseline 0.002 -13"><span class='ocrx_word' id='word_1_597' title='bbox 53 2868 73 2891; x_wconf 82' lang='lat' dir='ltr'>a</span> <span class='ocrx_word' id='word_1_598' title='bbox 95 2868 193 2891; x_wconf 91' lang='lat' dir='ltr'>manu</span> <span class='ocrx_word' id='word_1_599' title='bbox 217 2862 291 2890; x_wconf 84' lang='lat' dir='ltr'>sunt</span> <span class='ocrx_word' id='word_1_600' title='bbox 325 2856 488 2899; x_wconf 85' lang='lat' dir='ltr'>adscripta</span> <span class='ocrx_word' id='word_1_601' title='bbox 522 2859 711 2890; x_wconf 86' lang='lat' dir='ltr'>recentiore.</span> <span class='ocrx_word' id='word_1_602' title='bbox 760 2859 812 2900; x_wconf 78' lang='lat'>28)</span> <span class='ocrx_word' id='word_1_603' title='bbox 839 2859 1061 2901; x_wconf 87' lang='lat' dir='ltr'>plausseu.</span> <span class='ocrx_word' id='word_1_604' title='bbox 1111 2860 1162 2900; x_wconf 82' lang='grc'>29)</span> <span class='ocrx_word' id='word_1_605' title='bbox 1188 2859 1315 2900; x_wconf 88' lang='lat' dir='ltr'>loeti,</span> <span class='ocrx_word' id='word_1_606' title='bbox 1348 2867 1522 2894; x_wconf 89' lang='lat' dir='ltr'>mortes.</span> <span class='ocrx_word' id='word_1_607' title='bbox 1570 2861 1622 2903; x_wconf 84' lang='lat'>30)</span> <span class='ocrx_word' id='word_1_608' title='bbox 1647 2861 1682 2894; x_wconf 85' lang='lat' dir='ltr'>ln</span> <span class='ocrx_word' id='word_1_609' title='bbox 1720 2867 1820 2894; x_wconf 86' lang='lat' dir='ltr'>textu·</span> <span class='ocrx_word' id='word_1_610' title='bbox 1843 2862 1931 2903; x_wconf 79' lang='lat' dir='ltr'>Virg.</span> <span class='ocrx_word' id='word_1_611' title='bbox 1965 2861 2195 2904; x_wconf 87' lang='lat' dir='ltr'>amplexae</span> 
     </span>
     <span class='ocr_line' id='line_1_62' title="bbox 52 2903 2194 2951; baseline 0.002 -14"><span class='ocrx_word' id='word_1_612' title='bbox 52 2904 272 2945; x_wconf 83' lang='lat' dir='ltr'>crinibus,</span> <span class='ocrx_word' id='word_1_613' title='bbox 292 2904 327 2940; x_wconf 77' lang='lat' dir='ltr'>in</span> <span class='ocrx_word' id='word_1_614' title='bbox 354 2903 500 2946; x_wconf 87' lang='lat' dir='ltr'>margine</span> <span class='ocrx_word' id='word_1_615' title='bbox 533 2914 592 2946; x_wconf 88' lang='lat' dir='ltr'>pro</span> <span class='ocrx_word' id='word_1_616' title='bbox 618 2913 686 2936; x_wconf 85' lang='lat' dir='ltr'>var.</span> <span class='ocrx_word' id='word_1_617' title='bbox 713 2903 785 2937; x_wconf 88' lang='lat' dir='ltr'>lect.</span> <span class='ocrx_word' id='word_1_618' title='bbox 812 2906 1015 2938; x_wconf 86' lang='lat' dir='ltr'>innexae.</span> <span class='ocrx_word' id='word_1_619' title='bbox 1062 2904 1115 2946; x_wconf 83' lang='grc'><strong>31)</strong></span> <span class='ocrx_word' id='word_1_620' title='bbox 1147 2904 1430 2948; x_wconf 88' lang='lat' dir='ltr'>laphitarum.</span> <span class='ocrx_word' id='word_1_621' title='bbox 1478 2907 1530 2948; x_wconf 79' lang='grc'><strong>32)</strong></span> <span class='ocrx_word' id='word_1_622' title='bbox 1562 2907 1635 2950; x_wconf 88' lang='lat' dir='ltr'>qui</span> <span class='ocrx_word' id='word_1_623' title='bbox 1670 2909 1778 2940; x_wconf 89' lang='lat' dir='ltr'>euic.</span> <span class='ocrx_word' id='word_1_624' title='bbox 1825 2908 1876 2948; x_wconf 81' lang='lat'>33)</span> <span class='ocrx_word' id='word_1_625' title='bbox 1900 2907 1934 2939; x_wconf 88' lang='lat' dir='ltr'>In</span> <span class='ocrx_word' id='word_1_626' title='bbox 1959 2913 2046 2939; x_wconf 81' lang='lat' dir='ltr'>textu</span> <span class='ocrx_word' id='word_1_627' title='bbox 2073 2907 2194 2951; x_wconf 87' lang='lat' dir='ltr'>Virgilii</span> 
     </span>
     <span class='ocr_line' id='line_1_63' title="bbox 53 2949 2194 2996; baseline 0.002 -14"><span class='ocrx_word' id='word_1_628' title='bbox 53 2949 229 2983; x_wconf 84' lang='lat' dir='ltr'>auditus</span> <span class='ocrx_word' id='word_1_629' title='bbox 253 2950 430 2990; x_wconf 88' lang='lat' dir='ltr'>auerni,</span> <span class='ocrx_word' id='word_1_630' title='bbox 455 2950 488 2981; x_wconf 90' lang='lat' dir='ltr'>in</span> <span class='ocrx_word' id='word_1_631' title='bbox 514 2959 615 2992; x_wconf 88' lang='lat' dir='ltr'>marg.</span> <span class='ocrx_word' id='word_1_632' title='bbox 640 2959 709 2982; x_wconf 89' lang='lat' dir='ltr'>var.</span> <span class='ocrx_word' id='word_1_633' title='bbox 734 2949 810 2983; x_wconf 88' lang='lat' dir='ltr'>lect.</span> <span class='ocrx_word' id='word_1_634' title='bbox 836 2950 1015 2983; x_wconf 90' lang='lat' dir='ltr'>auditur</span> <span class='ocrx_word' id='word_1_635' title='bbox 1040 2951 1229 2984; x_wconf 87' lang='lat' dir='ltr'>auernis</span> <span class='ocrx_word' id='word_1_636' title='bbox 1253 2951 1460 2996; x_wconf 90' lang='lat' dir='ltr'>adscriptum.</span> <span class='ocrx_word' id='word_1_637' title='bbox 1499 2953 1550 2994; x_wconf 76' lang='lat'>3⁴]</span> <span class='ocrx_word' id='word_1_638' title='bbox 1577 2959 1745 2987; x_wconf 87' lang='lat' dir='ltr'>tenere.</span> <span class='ocrx_word' id='word_1_639' title='bbox 1780 2955 1831 2991; x_wconf 80' lang='lat'>35)</span> <span class='ocrx_word' id='word_1_640' title='bbox 1860 2952 1912 2986; x_wconf 85' lang='lat' dir='ltr'>Vs.</span> <span class='ocrx_word' id='word_1_641' title='bbox 1937 2950 2018 2986; x_wconf 78' lang='lat'><strong>509.</strong></span> <span class='ocrx_word' id='word_1_642' title='bbox 2048 2954 2080 2986; x_wconf 88' lang='lat' dir='ltr'>in</span> <span class='ocrx_word' id='word_1_643' title='bbox 2106 2959 2194 2987; x_wconf 87' lang='lat' dir='ltr'>textu</span> 
     </span>
     <span class='ocr_line' id='line_1_64' title="bbox 52 2993 1698 3040; baseline 0.003 -13"><span class='ocrx_word' id='word_1_644' title='bbox 52 2993 141 3039; x_wconf 81' lang='lat' dir='ltr'>Virg.</span> <span class='ocrx_word' id='word_1_645' title='bbox 164 2994 241 3029; x_wconf 78' lang='lat' dir='ltr'>sub</span> <span class='ocrx_word' id='word_1_646' title='bbox 263 2995 407 3029; x_wconf 70' lang='lat' dir='ltr'>nutris</span> <span class='ocrx_word' id='word_1_647' title='bbox 431 2995 465 3028; x_wconf 85' lang='lat' dir='ltr'>in</span> <span class='ocrx_word' id='word_1_648' title='bbox 490 3004 594 3038; x_wconf 89' lang='lat' dir='ltr'>marg.</span> <span class='ocrx_word' id='word_1_649' title='bbox 619 2999 673 3029; x_wconf 87' lang='lat' dir='ltr'>at.</span> <span class='ocrx_word' id='word_1_650' title='bbox 696 2997 854 3039; x_wconf 83' lang='lat' dir='ltr'>astris,</span> <span class='ocrx_word' id='word_1_651' title='bbox 879 2995 913 3029; x_wconf 87' lang='lat' dir='ltr'>id</span> <span class='ocrx_word' id='word_1_652' title='bbox 938 3001 1008 3030; x_wconf 82' lang='lat' dir='ltr'>est:</span> <span class='ocrx_word' id='word_1_653' title='bbox 1035 2997 1114 3030; x_wconf 82' lang='lat' dir='ltr'>alii</span> <span class='ocrx_word' id='word_1_654' title='bbox 1138 2998 1252 3030; x_wconf 81' lang='lat' dir='ltr'>astri</span> <span class='ocrx_word' id='word_1_655' title='bbox 1271 3008 1299 3031; x_wconf 90' lang='grc' dir='ltr'>ε.</span> <span class='ocrx_word' id='word_1_656' title='bbox 1346 2998 1398 3040; x_wconf 79' lang='grc'><strong>36)</strong></span> <span class='ocrx_word' id='word_1_657' title='bbox 1423 2998 1698 3032; x_wconf 87' lang='lat' dir='ltr'>scribsimus.</span> 
     </span>
    </p>
   </div>
  </div>
 </body>
</html>
