2430 3177
1203 121 1267 168 24

1115 188 1376 205 Μ

304 257 368 297 Vs.
400 255 492 296 211.
554 253 726 296 Medus,
756 251 805 292 de
834 250 986 291 Mediae
1015 250 1197 304 gentibus
1229 249 1456 290 Snusmms
1486 249 1599 290 dicit:
1644 250 1750 290 adeo
1795 250 1880 290 illis
1913 252 2103 304 ingenita
2132 257 2192 291 est
2222 264 2320 293 san-,-
2350 240 2355 241 ⁷
2383 251 2387 255 “

173 313 368 362 etitasw]
400 310 510 362 reyii
538 309 738 352 nominis,
781 318 878 359 quas
918 311 1048 346 tamen
1078 317 1172 357 apes
1212 304 1305 345 dicit
1346 307 1564 358 [superare]
1608 310 1781 357 quaefl)
1815 311 1856 346 et
1889 307 1993 348 circa
2023 320 2161 361 regern
2189 312 2323 348 amant

174 370 281 409 mori.
314 391 363 396 -
399 365 630 418 Hydaspes,
662 362 803 403 fluvius
833 360 979 412 Indiae,
1012 360 1190 402 Onosms
1219 364 1350 401 tamen
1378 361 1471 402 dicit
1500 360 1550 401 de
1579 361 1788 413 Media¹⁸):
1818 362 1858 401 in
1881 362 2010 402 medio
2031 364 2092 403 sui
2112 362 2323 415 Hydaspen

172 430 209 464 et
236 423 367 463 Arben
397 421 524 460 habet.

305 478 369 516 Vs.
401 473 492 515 212.
557 473 812 521 Omen-ant,
843 472 997 516 colunt,
1025 471 1300 512 honorificant.

281 533 369 571 —Vs.
403 528 493 571 217.
554 529 615 568 Et
644 540 767 579 saepe
799 526 1002 566 attollunt
1031 526 1302 578 humerisw),
1332 526 1483 567 scilicet
1512 532 1640 568 aetate
1668 526 1831 568 sessum.
1856 549 1902 556 —
1928 525 1990 566 Et
2010 539 2192 580 corpora
2213 525 2322 566 bello

174 587 407 634 oblectant,
436 597 507 637 pro
536 585 784 637 imperatore.
1685 605 1688 608 -
2244 600 2247 601 ν

306 642 370 681 vs.
396 639 494 684 218.
554 638 778 678 Pulchram
808 642 996 682 mortem,
1027 637 1256 691 gloriosam,
1288 649 1391 689 quae
1419 649 1490 690 pro
1519 649 1616 690 rege
1645 638 1868 690 suscipitur.
2299 659 2304 664 ·

306 697 358 736 Vs
404 693 496 736 219.
556 694 675 732 Haec
707 693 941 744 exempla..
963 695 1072 734 iuxta
1115 693 1338 745 opinionem
1369 692 1590 734 Stoicorum
1621 692 1735 742 dicit,
1778 693 1844 744 qui
1874 691 2046 732 divinum
2076 691 2255 745 spiritum
2284 690 2324 731 in

177 752 305 794 omnia
337 751 520 791 (intusum
552 762 642 790 esse
673 749 817 789 dicunt.
1382 758 1393 763 ·’

309 808 373 846 Vs.
406 804 498 847 220.
557 803 725 843 Partem
767 803 934 843 divinae
973 802 1143 846 mentis,
1185 802 1301 842 traxit
1337 801 1415 841 hoc
1453 801 1503 842 de
1544 801 1828 842 Celtiberorum
1867 801 2103 853 [doctrina]‚
2152 799 2327 852 quod²⁰]

177 868 323 916 partem
355 862 507 901 divinae
536 861 676 900 mentis
707 859 893 908 habeant,
923 871 1014 898 nam
1045 870 1094 897 ex
1123 856 1189 896 1111
1220 857 1421 897 elementis
1453 861 1491 896 et
1523 856 1652 897 divino
1682 857 1820 909 spiritu
1851 858 2124 907 constant21),
2167 867 2190 895 a
2222 859 2326 895 terra

178 920 424 964 carnem22)‚
446 916 505 955 ‘ab
535 927 638 967 aqua
665 914 892 964 humorem,
925 913 972 954 ab
1003 917 1096 952 aere
1125 912 1379 961 lialituinffl),
1413 912 1460 950 ab
1490 912 1571 964 igni
1601 906 1793 961 calorem,
1826 923 1848 951 a
1877 911 2010 952 divino
2040 911 2177 964 spiritu
2205 908 2324 963 inge-

177 974 305 1022 nium,
337 971 443 1023 quod
473 975 534 1010 est
566 975 604 1010 et
632 970 671 1009 in
698 969 922 1009 hominibus
953 973 991 1008 et
1021 966 1179 1021 apibus,
1220 978 1388 1018 namque
1415 970 1615 1014 metuunt,
1655 967 1908 1018 cupiutit24),
1950 966 2102 1016 dolent,
2134 964 2307 1019 gaudent
2317 978 2329 1014 ;

177 1029 274 1067 haec
311 1026 523 1080 probantur
556 1038 604 1065 ex
632 1024 713 1068 his,
755 1036 858 1076 quae
884 1023 1054 1072 faciunt,
1098 1022 1280 1062 dimicant
1319 1022 1442 1072 enim,
1481 1021 1672 1074 colligunt
1700 1021 1841 1072 flores,
1883 1021 2112 1075 praevident
2139 1020 2323 1073 pluviam.

182 1082 387 1125 Haustus,
420 1082 590 1134 spiritus.
2243 1118 2247 1119 ⁷

311 1138 377 1176 Vs.
408 1135 500 1178 221.
558 1133 800 1179 Aetherios,
839 1133 1004 1174 divinos.
1074 1129 1224 1175 Deum,
1274 1135 1403 1171 utrum
1454 1131 1570 1172 deum
1616 1130 1787 1172 divinum
1819 1131 2019 1184 spiritum,
2059 1141 2109 1170 an
2149 1134 2329 1170 naturam

181 1206 310 1233 rerum
340 1192 379 1232 id
410 1196 470 1231 est
495 1192 656 1243 primam
687 1190 821 1230 mundi
850 1193 1099 1241 potestatem.
1160 1184 1314 1231 Deum,
1346 1187 1513 1227 animam
1544 1185 1660 1226 exdss.
1703 1209 1757 1214 —
1797 1183 1932 1224 Deum
1959 1197 2132 1238 namque
2163 1185 2223 1223 ire
2248 1196 2328 1236 per

182 1260 340 1291 (nunes,
373 1247 558 1287 Lamus
588 1247 725 1294 ait2⁵):
759 1244 954 1297 Iuppiter
984 1247 1044 1281 est
1073 1242 1350 1294 quodcunque
1381 1241 1518 1286 vides,
1551 1241 1826 1294 quodcunque
1854 1242 2040 1279 moi-eris.

315 1304 377 1341 Vs.
411 1301 502 1342 222.
568 1299 794 1352 Terrasque
825 1305 864 1340 et
892 1299 1024 1351 reliq.‚
1057 1299 1140 1338 sive
1168 1297 1412 1337 latitudinem
1443 1299 1527 1338 sive
1557 1296 1842 1349 longitudinem
1868 1296 1963 1337 dici-t
1983 1301 2113 1336 terrae
2135 1300 2174 1336 et
2193 1295 2323 1337 maris.

182 1361 285 1399 Haec
315 1358 465 1410 plenius
496 1357 535 1397 in
564 1356 678 1406 VI²⁶)
711 1355 971 1408 prosequitur.
1495 1357 1502 1361 “
1698 1355 1702 1357 “
1931 1368 1934 1371 Δ
2021 1372 2023 1374 -

314 1414 379 1453 Vs.
413 1411 505 1452 224.
563 1410 800 1455 Arcessere,
834 1410 1002 1458 ducere3
1034 1409 1166 1451 vitas,
1199 1408 1382 1447 animam.

312 1469 379 1507 Vs.
412 1466 504 1508 225.
565 1466 662 1504 Huc
689 1466 811 1504 reddi
839 1476 977 1505 rursus
1008 1465 1046 1504 in
1078 1463 1269 1517 originem
1299 1474 1422 1502 suam.

314 1524 379 1563 Vs.
412 1520 505 1563 226.
565 1521 722 1573 Morti,
751 1520 971 1575 perditioni.
1034 1517 1119 1557 Sed
1149 1519 1241 1556 viva
1272 1517 1435 1563 volare,
1467 1518 1556 1569 quia
1587 1517 1635 1557 ad
1666 1516 1797 1557 sidera
1827 1517 1969 1571 migrat
1998 1517 2136 1558 anima.

315 1579 381 1618 Vs.
412 1576 505 1619 227.
567 1576 729 1615 Sideris
759 1589 829 1629 pro
861 1575 1044 1615 siderum.

316 1634 381 1672 Vs.
414 1631 506 1674 228.
566 1630 793 1684 Auyustam
832 1631 871 1671 id
906 1634 973 1675 est
1012 1633 1209 1679 sanctam,
1250 1629 1405 1681 proprie
1433 1640 1522 1669 cum
1552 1627 1719 1680 augurio
1750 1631 2020 1668 consecratam
2051 1627 2114 1667 vel
2142 1625 2331 1679 explora-

186 1697 285 1740 tam,
316 1688 478 1729 abusive
507 1687 649 1727 nobile.
1618 1700 1621 1701 ⁷
1856 1710 1859 1713 ψ
1883 1716 1888 1720 .

317 1744 380 1784 Vs.
412 1740 506 1784 229.
566 1741 753 1785 Hennes,
784 1740 957 1793 aperieS,
991 1739 1079 1791 quia
1109 1739 1217 1791 prius
1248 1738 1339 1777 limo
1371 1742 1530 1789 propter
1557 1737 1726 1778 hiemem
1757 1749 1803 1778 ac
1832 1736 1982 1790 glutine
2011 1735 2257 1777 clauduntur.
2278 1758 2331 1764 —

191 1802 389 1851 Sparsus,
420 1798 662 1850 participium
692 1796 891 1850 praeteriti
919 1794 1117 1846 temporis.

319 1855 382 1894 Vs.
415 1851 509 1894 230.
574 1851 656 1890 Ore
683 1852 779 1902 fave
808 1851 916 1903 ipsos
946 1849 1177 1895 haustusffi)
1217 1847 1278 1886 vel
1309 1859 1378 1884 ore
1405 1847 1502 1897 farre
1533 1846 1569 1886 id
1611 1851 1671 1886 est
1710 1859 1799 1886 cum
1840 1847 1993 1887 silentio
2033 1846 2247 1894 accede²⁸)
2291 1851 2329 1886 et

190 1910 318 1952 omnia
346 1909 449 1949 bona
480 1912 610 1948 tecum
635 1907 760 1956 habe,
793 1910 835 1945 ut
864 1906 903 1944 in
933 1903 1235 1957 pontificalibus:
1277 1902 1418 1952 favete
1448 1902 1618 1953 linquis.
1653 1925 1703 1929 —
1739 1900 1966 1953 Sequaces,
2006 1901 2208 1953 volatiles,
2239 1901 2332 1954 quia

188 1966 316 2006 omnia
347 1967 561 2017 penetrant.
1968 2003 1976 2007 χ

320 2020 385 2059 Vs.
418 2016 511 2060 231.
571 2015 666 2060 Bis,
697 2016 857 2069 gemina„
882 2019 942 2054 est
971 2012 1189 2054 fecunditas
1220 2012 1358 2052 mellis.
1417 2009 1517 2049 Duo
1549 2016 1736 2063 tempora
1776 2012 1918 2064 apium.
1947 2033 2001 2042 —
2033 2010 2204 2057 Messis,
2240 2011 2332 2053 fru-

189 2082 290 2116 ctus.
348 2073 541 2115 luvenalis
575 2084 667 2112 vere
698 2082 849 2111 messes
880 2069 1055 2120 dicit.i²⁹)
1598 2085 1602 2088 ·

321 2131 386 2170 Vs.
420 2126 511 2169 232,
576 2125 757 2180 Taygete
786 2127 825 2165 in
856 2125 1028 2166 Graecia.
1095 2121 1302 2173 Ταῃῃεεε,
1333 2121 1428 2162 mira
1460 2121 1648 2172 varietaS‚
1681 2134 1785 2162 nunc
1815 2134 1892 2162 una
1922 2133 2061 2162 sorore
2088 2131 2226 2162 omnes
2256 2131 2330 2162 so.-

189 2198 297 2227 rores
338 2185 419 2225 vult
457 2183 629 2235 intellegi
667 2182 886 2222 nominatas
927 2193 947 2219 a
978 2178 1107 2218 Pliade
1145 2182 1280 2217 matre.
1340 2176 1508 2216 Atlantis
1551 2178 1652 2216 enim
1690 2182 1728 2217 et
1759 2176 1898 2217 Pliadis
1927 2176 2029 2218 filiae
2057 2188 2221 2217 numero
2251 2175 2331 2227 VII,

189 2253 285 2293 quas
318 2240 473 2292 scripsit
503 2237 666 2276 Aratus.
727 2237 871 2277 Harum
902 2236 1084 2274 nomina:
1115 2233 1296 2285 Merope,
1329 2232 1546 2284 Asterope‚
1577 2231 1772 2284 Alcyone,
1803 2232 1971 2277 Electra,
2001 2231 2115 2282 Maia,
2147 2231 2330 2281 Celaeno,

190 2297 376 2350 Taygete.
436 2295 477 2335 ln
510 2292 912 2341 Gnossammnusssss)
944 2290 1041 2329 haec
1071 2290 1230 2328 nomina
1257 2287 1399 2326 inveni.
1438 2310 1482 2314 —
1521 2285 1719 2326 Ostendit
1746 2287 1786 2327 id
1816 2291 1876 2327 est
1906 2288 2042 2327 oritur.

325 2352 389 2391 Vs.
422 2347 514 2390 233.
577 2346 710 2391 Plias.
740 2346 848 2386 sidus
881 2345 985 2397 quod
1020 2344 1171 2384 decimo
1202 2354 1339 2381 mense
1369 2343 1504 2381 oritur.
1539 2365 1587 2369 m
1623 2341 1801 2385 Retulit,
1831 2343 1966 2391 oritur,
1998 2341 2063 2383 alii
2087 2341 2332 2394 reppulit.⁸¹)

323 2407 388 2445 Ys.
419 2403 511 2445 234.
570 2401 756 2453 Eadem,
786 2401 910 2441 stella.
942 2422 994 2428 —
1025 2398 1230 2450 Fuyieizs,
1263 2397 1326 2437 alii
1356 2408 1525 2448 saryews
1537 2398 1605 2444 32).
1661 2396 1741 2436 Ubi
1765 2397 1900 2448 piscis
1931 2396 2097 2449 aquosi,
2127 2395 2334 2437 Novembri

193 2473 347 2508 mense,
381 2472 458 2511 quo
489 2465 663 2511 tempore
691 2456 841 2497 Pliades
872 2454 1077 2502 occidunt,
1110 2458 1199 2493 tunc
1230 2453 1348 2506 piscis
1379 2452 1513 2492 oritur.
2277 2472 2281 2473 γ

329 2516 394 2554 Vs.
426 2513 520 2555 235.
585 2512 765 2551 Tristior
796 2516 954 2565 propter
983 2520 1170 2549 occasum
1201 2506 1263 2547 vel
1292 2507 1576 2560 propinquante
1605 2506 1744 2546 hiemis
1772 2507 1993 2558 asperitate.
2030 2527 2086 2536 --
2130 2504 2334 2544 Hibernas

196 2570 309 2609 melo
342 2569 555 2607 descendit
589 2570 627 2606 ῐη
658 2568 804 2610 undas,
835 2566 973 2606 hiemis
1004 2569 1179 2616 tempore
1195 2562 1348 2603 occidit.
1861 2571 1873 2592 c

328 2626 393 2663 Vs.
425 2622 516 2664 236.
576 2622 692 2669 Illis„
722 2621 882 2674 apibus3
914 2621 978 2658 ira
1007 2618 1168 2656 modum
1198 2631 1325 2668 supra
1355 2621 1436 2660 est,
1467 2617 1523 2656 ira
1554 2628 1673 2669 Supra
1704 2614 1864 2657 modum
1895 2620 1967 2655 est.
2253 2647 2257 2652 .

329 2681 393 2719 VS.
426 2676 518 2719 237.
580 2676 788 2715 Mai-sibus
821 2676 1049 2727 inspirant,
1084 2677 1186 2713 tacta
1217 2673 1319 2713 enim
1350 2677 1408 2713 est
1438 2671 1512 2712 illis
1544 2671 1785 2712 animositas.
1817 2693 1875 2713 —.
1896 2669 2045 2722 Caeca,
2064 2670 2212 2721 brevia,
2234 2681 2336 2722 quae

194 2740 359 2787 possunt
391 2735 521 2773 latere.
1273 2752 1279 2754 -
2062 2738 2068 2743 ,

331 2938 380 2979 16)
414 2942 489 2970 est.
528 2933 708 2967 scithas.
766 2933 815 2973 17)
855 2932 956 2965 dicit
993 2933 1075 2975 qui.
1127 2931 1175 2971 18)
1215 2929 1414 2963 demidia.
1464 2927 1512 2968 19)
1550 2927 1725 2960 umeris.
1774 2926 1825 2967 20)
1866 2925 2178 2959 celtiberorum
2215 2924 2338 2968 quod.

193 2986 243 3026 21)
270 2988 460 3017 constat.
485 2983 535 3022 22)
561 2989 715 3012 canem.
739 2979 788 3017 215)
814 2979 979 3011 alitum.
1003 2979 1055 3017 2-1)
1081 2977 1272 3020 copiunt.
1297 2976 1348 3015 25)
1377 2974 1481 3013 Villi,
1507 2971 1585 3007 580.
1611 2973 1662 3014 26)
1688 2972 1774 3006 Aen.
1799 2969 2082 3013 v1,‚7‘24-738.
2105 2969 2337 3012 robustus.

194 3031 246 3071 ²8)
275 3040 291 3061 a
309 3029 448 3062 eride.
496 3028 544 3067 29)
573 3035 732 3058 messes
759 3024 813 3056 di.
863 3025 912 3064 31»)
937 3022 1275 3067 glosomatibus.
1325 3021 1375 3062 31)
1402 3019 1601 3064 reppulit
1625 3020 1656 3051 in
1682 3028 1781 3052 versu
1807 3018 1927 3062 Virgilii
1953 3018 2118 3061 scriptum,
2143 3016 2338 3060 inmergine

195 3075 371 3108 rettulit
397 3084 454 3117 pro
480 3083 547 3106 var.
575 3073 646 3104 lect.
672 3070 880 3112 adscriptum.
928 3072 979 3108 32)
1005 3068 1107 3102 aliis
1136 3076 1311 3111 urgens.
1893 3068 1908 3073 “
