2430 3177
1105 121 1168 167 2⁰

1140 146 1167 165 (ὅ

1010 187 1272 204 Μ

59 253 268 296 trucidant.
299 273 353 283 --
383 249 582 304 Iynavum
623 262 776 302 pecus,
819 248 926 302 quod
969 248 1032 289 hic
1076 259 1206 300 neque
1247 246 1408 289 adiuvat
1447 252 1485 289 et
1523 248 1744 297 alienum2)
1790 247 1987 289 consumit
2023 248 2210 289 laborem.

62 310 198 351 vinno
229 309 281 349 ait
311 318 434 360 pecus
465 321 485 348 a
517 306 736 360 pascendo,
768 310 921 344 veteres
951 316 1068 345 omne
1098 302 1241 344 animal
1268 302 1465 344 dixerunt.

197 364 262 403 Vs.
298 360 388 403 169.
450 361 619 405 Fervet,
650 360 787 401 inebrii
814 360 957 411 fervit.

197 419 264 458 Vs.
299 416 389 459 170.
450 415 513 456 Ac
542 416 671 456 veluti
705 414 910 469 Cyclopes
948 418 986 454 et
1024 413 1134 465 reliq.
1167 411 1383 465 Cyclopum
1418 413 1658 467 comparatio
1688 413 1737 454 ad
1767 413 2055 461 festinationem
2086 415 2211 466 perti-

62 486 161 515 nens
192 473 277 568 {9510
281 485 390 568 n1¹:71.
453 525 551 565 Cum
579 528 840 577 properant,
866 523 1042 565 nondum
1073 521 1268 575 completo
1302 534 1434 576 opere.

199 584 265 623 νε.
298 581 390 623 172.
451 580 687 620 Stridentia
716 580 910 631 ιίηῃαητ,
941 590 1085 631 anceps
1115 588 1282 630 sensuS,
1312 577 1350 618 id
1382 583 1443 620 est
1472 577 1617 619 stidere
1645 577 1811 628 faciunt,
1844 583 1886 619 ut
1915 583 2025 619 scuta
2055 577 2215 619 latentia

0 644 10 650 “
65 637 312 687 condunt³)‚
341 637 381 676 id
410 641 471 676 est
499 635 672 677 condunt
701 639 740 675 et
767 635 925 674 latentia
954 634 1113 675 faciunt.

199 693 265 733 Vs.
297 689 389 732 173.
448 689 588 735 Lacu,
621 703 744 743 aqua3
774 690 924 741 yemit,
955 693 1082 729 sonat.
1111 710 1165 719 —
1193 684 1406 741 Actum),
1441 699 1567 730 mons.

200 748 267 786 Vs.
301 745 392 787 174.
452 745 526 784 Illi·
554 758 625 799 pro
655 747 731 786 alii.
761 767 816 773 —
852 742 888 781 T
889 743 1049 788 ollunt,
1080 743 1143 783 alii
1175 743 1351 782 iactant.

199 802 265 841 Vs.
301 799 391 842 175.
451 800 500 839 In
530 814 757 845 numerum,
788 799 926 840 ordine
955 799 1018 840 vel
1047 799 1159 851 quasi
1188 799 1228 838 in
1257 809 1401 839 sonum
1433 810 1665 840 consonum.
1695 820 1751 827 —-
1781 797 1992 849 For-cipe,
2020 798 2157 838 inebrii
2179 802 2217 837 et

63 858 237 910 forfice,
276 857 316 896 in
347 856 557 897 Corniliani
571 860 608 904 ⁵)
648 856 805 909 forceps
847 854 974 895 dietus
1005 867 1027 896 a
1056 854 1173 894 forno
1202 852 1242 893 id
1272 859 1332 894 est
1360 854 1511 905 calido,
1552 853 1657 908 quod
1688 854 1808 894 calori
1836 854 2039 907 proximus
2071 852 2218 894 ferrum

67 917 212 953 versat.

202 968 268 1008 Vs.
304 965 392 1008 177.
457 964 706 1018 Cecropias,
737 965 822 1006 sive
852 963 958 1017 quod
987 963 1152 1005 Athenis
1182 975 1278 1017 apes
1308 968 1420 1005 ortae
1448 964 1539 1017 sint,
1571 965 1656 1007 sive
1686 963 1792 1017 quod
1821 964 1872 1004 ibi
1903 963 1955 1004 sit
1980 963 2056 1003 mel
2076 962 2218 1003 nobile.

69 1044 123 1052 —
154 1021 350 1067 Innatus,
381 1022 545 1070 insitus3
574 1026 718 1074 urget,
748 1022 901 1074 premit.

203 1079 269 1118 Vs.
305 1076 394 1119 178.
459 1076 670 1129 Quamque
707 1088 831 1129 apem.
874 1098 927 1104 —-
969 1073 1228 1113 Grandaevis
1269 1073 1435 1125 oppida
1475 1086 1621 1117 curae,
1663 1074 1801 1128 apibus
1841 1073 2052 1115 maioribus
2091 1072 2129 1114 id
2161 1077 2217 1113 est

69 1132 314 1181 senioribus,
343 1133 446 1175 sicut
474 1143 590 1171 senes
622 1142 756 1172 muros
785 1130 995 1179 tuentur0)
1027 1134 1066 1170 et
1094 1141 1173 1169 non
1204 1130 1243 1170 in
1271 1129 1374 1169 bella
1405 1132 1675 1182 prorumpunt.

203 1188 270 1228 Vs.
305 1185 395 1229 179.
453 1184 672 1231 Daedala,
702 1186 908 1240 ingeniosa
936 1185 975 1225 id
1005 1190 1067 1225 est
1095 1185 1225 1236 varia,
1255 1187 1346 1233 ιη’)
1378 1183 1576 1223 Daedala
1611 1181 1743 1223 Circe.

205 1243 271 1283 Vs.
306 1240 395 1283 180.
454 1240 667 1286 Minores,
696 1242 883 1282 iuniores,

207 1299 273 1338 Vs.
306 1296 398 1339 181.
458 1294 643 1341 Passim,
674 1296 723 1337 ad
757 1297 917 1337 circum.
1021 1327 1031 1332 .
1357 1318 1361 1321 -

206 1354 272 1394 VS.
305 1351 395 1393 182.
449 1350 714 1404 -Crocumque
750 1350 982 1399 rubentem3
1025 1351 1251 1392 SAms'rms
1282 1354 1423 1390 neutro
1453 1361 1601 1403 genere
1631 1361 1790 1391 crocum
1821 1347 1939 1398 dixit,
1970 1352 2032 1388 ut:
2064 1348 2109 1386 in
2141 1360 2217 1399 qm·

76 1421 241 1448 crocum
269 1407 474 1461 yigynilur.
1646 1419 1683 1427 ⁴·

208 1464 274 1503 Vs.
310 1460 398 1503 183.
458 1460 760 1513 Feri-affinem,
789 1460 953 1514 ferrugo
982 1461 1085 1516 nigri
1115 1459 1274 1501 coloris.
1306 1484 1354 1489 —
1389 1458 1678 1514 Hyacinthos,
1709 1458 1898 1500 subaudis
1929 1461 2157 1511 pascuntur.

210 1519 275 1559 Vs.
311 1515 402 1558 184.
466 1515 663 1555 Omnibus
692 1530 775 1555 mm
806 1517 919 1569 quies
949 1522 988 1557 et
1016 1517 1126 1569 reliq.
1158 1515 1374 1568 aequaliter
1403 1515 1606 1567 laborant,
1638 1515 1854 1568 aequaliter
1879 1513 2084 1554 feriantur.

208 1573 276 1613 Vs.
309 1570 399 1613 185.
459 1570 608 1616 Mane,
640 1572 843 1612 matutino.
1531 1586 1536 1591 ·

209 1629 276 1669 Vs.
310 1624 402 1668 186.
459 1624 698 1671 Decedere‚
722 1627 942 1680 aceptui.⁸)

209 1684 276 1724 Vs.
311 1680 401 1723 187.
465 1679 566 1720 Tum
597 1694 779 1733 corpora
810 1686 979 1725 curant,
1011 1681 1098 1721 cibo
1128 1680 1318 1721 reficiunt.
1356 1680 1397 1722 Si
1427 1680 1477 1722 de
1504 1679 1729 1722 hominibus
1760 1679 1810 1720 ad
1840 1678 1969 1720 cibum
1998 1679 2221 1719 lavacrum--

78 1740 205 1792 que⁹)
234 1740 425 1791 pertinet,
453 1736 526 1777 sed
555 1736 604 1777 de
632 1737 770 1790 apibus
805 1736 853 1778 ad
885 1737 1084 1786 cibumw)
1115 1740 1278 1776 tantum.

211 1795 278 1834 Vs.
311 1790 400 1834 188.
460 1791 675 1838 Massam,
704 1792 767 1832 hic
794 1792 952 1845 proprie
981 1798 1159 1833 mussant
1188 1803 1257 1845 pro
1284 1794 1602 1840 murmurantss),
1633 1801 1811 1832 murmur
1840 1789 1943 1830 enim
1973 1789 2102 1831 solum
2123 1802 2224 1843 quor

76 1862 171 1903 apes
200 1848 425 1890 refundunt.
455 1869 510 1877 -—
540 1846 726 1891 Limina,
756 1847 819 1887 alii
851 1848 977 1887 litora.

212 1905 279 1944 Vs.
317 1901 404 1945 189.
469 1900 699 1945 Thalamis,
730 1902 933 1942 audaciter
962 1901 1141 1943 thalamis
1172 1901 1282 1942 dixit.

211 1960 278 1999 Vs.
313 1956 404 1999 190.
467 1956 610 2009 Sopor
638 1970 758 2002 svms,
791 1957 902 2008 quasi
934 1957 1089 2011 propria
1119 1958 1245 2009 quies.

214 2015 281 2055 Vs.
316 2011 407 2054 193.
463 2011 707 2066 Aquantur,
737 2024 877 2064 aquam
908 2011 1057 2052 bibunt.

214 2070 280 2110 VS.
314 2067 404 2110 195,
454 2065 666 2120 β’ψηόαε,
705 2067 922 2108 naviculae.
968 2090 1020 2096 —
1063 2066 1311 2110 Saburram,
1348 2077 1523 2108 arenam.
1581 2065 1756 2109 Suburra
1796 2066 1958 2119 dicitur,
2001 2078 2079 2120 qua
2108 2077 2228 2108 naves

81 2130 295 2166 onerantur
322 2123 372 2164 ad
400 2134 570 2175 aequum
627 2122 780 2172 ondus,
813 2134 891 2174 quo
921 2121 1063 2164 fortius
1093 2122 1222 2165 ferant
1250 2125 1536 2176 tempestatem.

217 2181 283 2220 Vs.
317 2177 409 2220 197.
470 2178 586 2218 Mira
617 2191 705 2223 ere,
737 2178 953 2218 miraberis.

216 2236 283 2276 Vs.
317 2233 408 2276 198.
471 2233 706 2274 Concubitu
735 2245 808 2286 pro
838 2232 1143 2281 concubitui.¹2)

216 2291 283 2331 Vs.
317 2288 409 2331 199.
467 2288 653 2329 Nixibus
682 2301 753 2342 pro
783 2288 996 2341 partubus,
1026 2288 1143 2328 nixus
1173 2286 1211 2327 id
1243 2292 1305 2328 est
1333 2294 1491 2342 partus,
1523 2299 1625 2341 quos
1657 2286 1797 2329 Graeci
1825 2283 2045 2336 ιόὃῖναςῑδ)
2076 2291 2231 2328 vocant.

217 2347 283 2387 Vs.
314 2344 408 2387 201.
473 2345 680 2393 Quirites,
708 2349 898 2385 rectores.
914 2347 969 2392 14)

80 2431 83 2434 ι
218 2402 284 2443 νε.
307 2399 407 2443 202.
465 2400 617 2447 Aulus.
650 2400 716 2451 [in]
751 2399 981 2453 metaphora
1009 2398 1298 2452 perseveravit,
1335 2402 1378 2439 ut
1416 2397 1617 2451 quomodo
1646 2409 1783 2453 regem
1814 2397 1911 2438 dixit
1939 2398 1992 2439 ita
2022 2402 2062 2438 et
2090 2397 2232 2439 aulam.

83 2479 136 2488 —
168 2457 369 2510 Refiyzmt
396 2455 436 2497 id
465 2462 525 2497 est
543 2457 680 2509 figunt.

218 2513 285 2553 Vs.
314 2509 408 2554 203.
470 2510 517 2549 In
548 2509 736 2559 cotibus,
767 2522 889 2550 onera
918 2514 1035 2550 vocat
1065 2513 1188 2550 cotes.
1790 2535 1797 2545 .

218 2568 287 2608 Vs.
316 2565 409 2610 204.
474 2566 679 2619 Ultroque
708 2565 882 2604 animam.
911 2563 986 2603 sub
1013 2565 1132 2616 fasce
1159 2563 1335 2608 dedere,
1367 2568 1525 2617 portant
1553 2567 1720 2614 tantum,
1750 2567 1794 2604 ut
1822 2567 2082 2613 morerentur,
2114 2563 2229 2604 dum-—

87 2621 206 2665 modo
233 2623 348 2664 mella
377 2621 537 2663 faciunt.
571 2646 616 2652 -—
652 2620 798 2665 Fasce,
829 2620 1015 2674 pondere.

221 2679 288 2719 Vs.
318 2676 411 2720 206.
471 2676 654 2730 Aizyusti
680 2677 875 2715 terminus
905 2677 1019 2727 aevi,
1047 2687 1126 2716 non
1156 2675 1418 2724 excedunt¹⁵)
1451 2674 1669 2728 septennio.

222 2734 289 2774 Vs.
318 2731 413 2775 208.
471 2731 529 2771 At
555 2745 684 2784 yemis
715 2730 937 2771 inmortale
966 2735 1124 2774 manet,
1157 2730 1196 2772 id
1227 2735 1288 2772 est
1317 2743 1388 2783 per
1417 2730 1725 2772 successionem.

224 2789 291 2830 Vs.
322 2785 415 2830 209.
474 2786 656 2833 Domus,
688 2786 870 2829 familiae.

992 2916 1009 2934 V

225 2945 263 2988 2)
287 2944 467 2979 adiuvet
499 2948 539 2976 et
573 2943 766 2977 alienam.
813 2944 848 2985 3)
872 2942 1080 2977 condant.
1128 2941 1163 2983 4)
1189 2941 1370 2976 aethna.
1418 2943 1454 2984 5)
1478 2941 1553 2976 vide
1586 2951 1685 2986 supra
1706 2941 1747 2974 ad
1772 2951 1801 2974 v.
1829 2939 1910 2975 120.
1959 2943 1991 2978 6)
2017 2944 2232 2973 ευθεηιυι·Δ

89 2991 126 3034 1)
148 2990 234 3026 Aen.
258 2990 326 3034 vn,
348 2988 428 3025 282.
474 2989 509 3031 8)
534 2988 705 3023 voluitne:
731 3000 750 3023 a
775 2988 966 3034 coeptu?
1013 2988 1351 3032 9)1aciacrumq;
1399 2989 1450 3030 10)
1475 2987 1579 3022 sede
1601 2987 1761 3032 apibus
1787 2986 1896 3019 cibo.
1947 2985 1997 3027 11)
2022 2986 2225 3019 murimu-

90 3041 198 3072 rant.
243 3037 294 3079 12)
320 3035 570 3071 concubitu.
628 3035 678 3078 13)
711 3036 836 3080 greci
868 3035 1038 3069 odinas.
1086 3034 1138 3077 14)
1163 3034 1266 3068 Versu
1291 3033 1361 3069 200
1384 3033 1523 3078 legitur:
1558 3035 1659 3077 ipse
1683 3032 1834 3074 foliis,
1868 3033 1889 3066 i.
1916 3042 1944 3065 e.
1970 3033 2063 3076 ipsae
2091 3031 2167 3072 f01.;
2203 3033 2231 3065 in

89 3083 237 3129 margine
261 3083 459 3128 adstiptum:
487 3083 613 3126 ipsae
638 3092 658 3116 ο
681 3081 808 3118 foliis
833 3086 963 3116 natos
986 3086 1028 3116 et
1049 3080 1274 3116 suavibus.
1323 3081 1374 3124 15)
1399 3080 1627 3115 excedant.
