2430 3177
1274 92 1304 139 8

1163 159 1426 176 Ma
1480 155 1482 157 '

216 228 383 267 diversa
412 225 567 271 colore,
598 235 700 275 quae
729 233 872 262 novem
902 225 1018 272 sunt,
1047 220 1088 261 id
1118 225 1180 261 est
1210 220 1297 262 alba
1319 224 1378 271 ⁸),
1408 231 1548 273 rosea,
1577 221 1693 285 nigra
1719 221 1850 263 omnia
1879 222 2023 264 trinum
2051 233 2260 284 numerum
2286 222 2366 264 ha-

217 284 361 324 bentia.
392 304 446 311 —
483 279 664 330 Tzipliei
692 278 857 316 dit-ersa
888 277 1060 320 colore,
1075 276 1288 329 allegorice
1317 276 1485 317 varietas
1515 278 1741 318 carminum.

352 338 419 377 V.s
450 334 516 375 74.
574 332 713 383 Licin,
744 333 857 384 quasi
884 333 1070 386 ligamina
1090 335 1143 381 ⁹),
1176 343 1245 382 per
1263 343 1366 383 quae
1384 332 1555 384 ligantur
1574 333 1753 375 stamina
1791 331 1898 371 Bene
1917 332 2039 372 utitur
2055 332 2169 384 liciis,
2199 334 2370 385 quaem)

218 397 388 433 mentem
418 390 709 430 adolescentem
741 387 911 440 alligant.
977 385 1138 439 Terque
1172 385 1273 424 leaeo
1312 385 1468 425 altaria
1504 388 1655 425 circum
1696 387 1878 440 effiyiem
1907 386 2031 427 duco.
2089 388 2195 428 Haec
2221 387 2373 429 faciunt

217 447 381 488 malefici
409 445 597 485 facientes
618 442 826 493 veneficia,
857 443 897 482 id
926 447 987 482 est
1015 442 1184 495 effigiem
1211 441 1397 482 amatoris
1428 442 1707 482 circumferunt
1725 446 1795 493 ¹¹),
1825 453 1945 481 unam
1974 454 2024 482 ex
2050 442 2183 496 ligno,
2209 442 2373 483 alteram

219 515 270 543 ex
306 503 411 550 luto,
451 500 607 540 tertiam
650 510 701 537 ex
738 511 841 539 cera.
900 496 1021 535 Haec
1051 497 1228 542 altaria,
1270 509 1372 548 quae
1392 500 1448 546 ¹²)
1489 499 1529 538 in
1572 497 1764 549 honorem
1793 496 1966 550 Augusti
2006 502 2238 538 consecrata
2266 502 2372 538 sunt.

224 555 387 595 Circum
417 555 609 606 effiyiem,
641 554 788 593 circum
816 554 1028 615 imaginem
1057 552 1156 593 haec
1173 552 1363 593 veneficia
1391 551 1579 604 fiunt13),
1609 553 1751 605 quibus
1781 552 1832 594 ad
1862 564 2036 594 amorem
2064 552 2372 605 pervenitur.—

219 610 357 654 Licia,
389 611 530 662 quibus
558 610 772 661 iunguntur
804 609 983 649 stamina.
2408 648 2424 661 l

351 666 416 706 V.s
449 663 515 705 75.
573 643 688 701 Deus
719 675 789 715 pro
818 675 955 704 omnes
987 662 1051 703 dii.
1109 661 1263 714 Inpare
1293 674 1364 716 pro
1393 664 1531 716 inpari.
1570 663 1642 703 Par
1671 673 1858 703 numerus
1889 661 2066 702 adversis
2087 662 2284 714 convenit,
2315 667 2371 712 ut,

223 726 370 774 quater
400 721 495 772 ipso
527 720 572 757 in
603 718 742 756 limine
770 723 924 769 portae
953 717 1142 757 substitit
1171 723 1295 770 atque
1318 721 1372 767 Ητ)
1404 723 1522 757 utero
1552 719 1731 756 sonitum
1753 722 1900 770 quater
1929 730 2040 755 arma
2067 716 2236 761 dedere,
2267 717 2374 770 quod

221 776 375 818 excidio
407 776 571 815 civitatis
602 776 805 824 convenit,
838 779 876 814 et
906 774 1017 813 alibi:
1062 786 1111 812 en
1142 778 1344 826 quattuor
1373 787 1464 811 aras
1496 772 1721 825 Neptuno,
1753 772 1860 825 quod
1889 773 2037 814 arsuris
2069 772 2238 813 navibus
2268 784 2372 813 con-

221 833 349 880 venit3
378 831 503 882 inpari
532 840 626 868 vero
656 840 821 869 numero
852 829 949 868 deus
981 829 1138 881 gaudet.
1198 832 1380 868 luximus
1409 828 1514 868 dicit.

355 887 421 925 Vs.
452 883 517 925 77.
575 883 688 923 Nunc
718 884 767 923 ad
797 884 1053 924 concubinam
1082 896 1194 923 suam
1226 883 1328 922 dicit.
1391 881 1538 921 Tribus
1567 883 1690 922 nodis
1711 885 1783 933 15),
1813 884 1854 923 in
1884 882 2106 937 augurium.
2152 879 2373 936 Amarylli,

221 941 428 984 vocativus
461 950 590 980 casus.
648 937 866 991 Amarylle‘,
897 939 1046 979 mulier.
1076 961 1131 966 ——
1167 936 1322 976 Ternos
1353 937 1528 985 colores,
1556 938 1596 978 id
1626 943 1687 978 est
1716 939 1852 978 laneos
1874 942 1929 987 ¹⁶)
1963 938 2132 979 colores.

354 997 421 1036 Vs.
452 993 518 1039 78.
577 993 797 1044 Amarylli,
827 995 1029 1035 vocativus
1060 1005 1175 1034 casus
1207 998 1279 1033 est.
1347 993 1535 1037 Veneris,
1567 993 1790 1046 Cupidinis,
1822 993 1886 1033 vel
1912 993 2085 1034 Amoris.
2115 1015 2171 1022 —
2208 991 2378 1034 Veneris

224 1050 392 1092 vincula
420 1050 492 1089 dic
519 1055 655 1089 necto.
723 1049 820 1088 Cum
851 1049 975 1102 ligare
1005 1050 1196 1101 coeperis,
1228 1060 1403 1088 amorem
1439 1053 1479 1088 te
1506 1049 1632 1102 ligare
1662 1048 1792 1090 dicito.
1822 1070 1876 1079 —
1911 1047 2077 1088 Veneris
2107 1047 2180 1087 dic
2200 1048 2378 1089 ‘vincula

222 1112 358 1158 necto,
390 1111 515 1145 metro
545 1105 795 1156 anapaestico
825 1105 865 1144 in
894 1104 1083 1145 honorem
1112 1103 1312 1155 Cupidinis
1344 1110 1586 1144 consecrato.
1617 1126 1671 1132 —

357 1162 423 1201 Vs.
453 1158 521 1203 80,
581 1159 719 1197 Limus
749 1163 796 1197 ut
825 1158 895 1198 hic
925 1159 1110 1198 durescit
1140 1163 1179 1197 et
1207 1158 1310 1197 lzaec
1338 1163 1386 1197 ut
1416 1171 1509 1196 cera
1539 1158 1748 1211 liquescit.
1804 1157 1936 1204 Limus
1957 1158 2146 1213 Daphnis,
2175 1170 2250 1200 nos
2279 1171 2378 1201 vero

226 1230 330 1259 cera.
388 1217 519 1256 Limus
548 1220 651 1255 terra
678 1215 804 1254 mollis
836 1227 887 1254 ex
914 1226 1015 1265 aqua
1046 1215 1174 1254 soluta
1202 1214 1283 1266 igni
1312 1214 1504 1265 coquitur.
1542 1215 1613 1253 Hic
1629 1225 1771 1254 sensus
1793 1219 1874 1254 est:
1904 1217 2007 1255 sicut
2034 1214 2136 1254 haec
2164 1214 2380 1256 durescunt

226 1279 266 1314 et
292 1273 527 1323 liquescunt,
560 1271 617 1310 sic
646 1269 792 1309 Caesar
820 1269 1071 1309 remolle'scat
1099 1269 1266 1308 amando
1297 1280 1384 1318 nos,
1417 1273 1456 1307 et
1484 1274 1620 1308 noster
1650 1280 1760 1310 amor
1787 1269 1829 1308 in
1857 1281 1905 1309 eo
1935 1269 2135 1310 durescat.
2165 1292 2217 1298 —
2238 1268 2381 1309 Limus

227 1333 274 1367 ut
302 1327 372 1365 Ιιίο
402 1325 587 1364 durescit
616 1329 655 1364 et
684 1329 825 1365 cetera.
894 1324 1027 1364 Limus
1058 1329 1163 1364 terra
1193 1323 1320 1365 mollis
1361 1336 1411 1364 ex
1441 1335 1542 1376 aqua
1571 1324 1701 1365 soluta
1728 1324 1810 1378 igni
1849 1323 2023 1366 durescit
2051 1323 2272 1378 eodemque
2299 1326 2382 1380 igni

230 1383 326 1425 solis
357 1394 447 1421 cera
475 1380 668 1433 liquescit.
698 1401 753 1410 -

362 1437 430 1476 Vs.
460 1434 525 1477 81.
586 1434 694 1485 Igni,
723 1435 820 1476 sole.

363 1493 429 1532 Vs.
460 1490 526 1532 82.
590 1490 755 1543 Sparye
784 1491 955 1536 molam,
991 1492 1136 1544 inpone
1175 1491 1362 1533 laborem.
1433 1490 1624 1532 Ancillam
1666 1492 1731 1533 vel
1760 1491 2019 1532 concubinam
2049 1491 2282 1543 alloquitur,
2322 1491 2384 1532 vel

233 1548 425 1601 collegam
446 1550 516 1595 17).
578 1545 743 1597 Spmqe
771 1547 931 1591 molam,
961 1547 1227 1601 fragmentum
1256 1547 1374 1587 molle
1401 1552 1445 1587 ut
1473 1549 1600 1588 mittas
1630 1547 1835 1601 inignem,
1865 1547 1930 1588 vel
1958 1547 2108 1587 molere
2127 1546 2262 1597 debes,
2293 1559 2386 1588 cum

231 1604 334 1657 ignis
367 1602 489 1642 ardet.
519 1624 571 1630 —
600 1582 1046 1652 Frc19iles,ssexibiles,
1071 1602 1111 1642 id
1143 1608 1203 1643 est
1232 1615 1332 1654 quae
1353 1606 1407 1650 1⁸)
1438 1606 1592 1656 possint
1620 1615 1708 1642 eum
1737 1603 1909 1643 flectere.
1949 1592 2176 1641 Ritumz'ne.
2202 1602 2386 1643 Bitumen

239 1659 290 1698 de
318 1657 475 1710 fulgore
503 1657 690 1704 nascitur,
720 1669 797 1707 quo
826 1669 902 1696 nav
907 1669 948 1696 es
978 1659 1205 1708 iunguntur.
1264 1656 1492 1701 Bitumine,
1526 1657 1631 1709 quod
1649 1658 1816 1709 glutinat
1836 1659 1892 1706 ¹⁹)
1925 1662 1963 1697 et
1991 1657 2116 1707 ardet,
2146 1661 2191 1696 ut
2219 1657 2386 1710 glutinet

236 1718 275 1753 et
305 1712 441 1752 ardeat
460 1713 533 1761 2.0)
593 1708 780 1762 Lauros,
817 1712 855 1750 in
886 1723 1003 1762 quam
1033 1712 1207 1763 Daphnis
1239 1723 1431 1751 conversa
1461 1716 1544 1761 est,
1577 1711 1670 1751 dum
1698 1711 1840 1764 Apollo
1871 1723 1958 1752 eam
1977 1714 2036 1761 21)
2067 1717 2312 1763 sequeretur.
2330 1728 2385 1743 ³-

372 1768 438 1807 Vs.
469 1765 537 1808 83.
595 1763 790 1816 Daphnis
819 1778 878 1803 me
908 1765 1036 1804 malus
1066 1766 1164 1810 urit,
1197 1777 1344 1806 amore.
1366 1787 1419 1795 —
1449 1779 1527 1819 eqo
1557 1765 1678 1812 Izanc,
1710 1766 1932 1818 adversum,
1963 1767 2008 1806 in
2035 1764 2268 1818 Daphnide
2297 1767 2384 1808 lau·

235 1835 337 1866 rum,
368 1821 408 1862 id
438 1826 498 1861 est
527 1832 611 1868 ur0,
645 1826 686 1860 ut
715 1826 802 1862 urat
832 1833 920 1861 eum
949 1821 1038 1860 hoc.

371 1878 438 1917 Vs.
464 1875 531 1918 85.
589 1873 823 1927 Daphnim,
852 1877 1047 1929 genitivus
1076 1877 1116 1916 in
1144 1875 1271 1916 forma
1300 1877 1525 1917 accusativi.
1595 1875 1741 1920 Qualis
1773 1888 1862 1914 cum
1885 1877 1998 1928 fessa
2025 1877 2263 1924 iuvencum,
2295 1878 2385 1919 ele·-

239 1937 377 1987 ganter
407 1944 581 1972 amorem
612 1943 728 1971 suum
757 1933 909 1984 pecoris
941 1931 1066 1973 amori
1094 1935 1306 1984 comparat
1363 1935 1543 1971 Iummus
1573 1930 1678 1972 dicit.
1709 1955 1762 1960 ——
1792 1930 2031 1977 Inventum,
2061 1937 2230 1974 taurum.
2286 1933 2384 1975 Ele-

238 1993 379 2042 ganter
407 1999 581 2028 amorem
601 1989 657 2035 2²)
688 1998 804 2026 suum
833 1986 1005 2026 rusticus
1026 1987 1085 2038 ²³]
1114 1987 1239 2026 amori
1268 1987 1422 2039 pecoris
1452 1987 1705 2038 comparavit.
1735 2009 1790 2016 --

373 2042 441 2082 Vs.
471 2039 536 2082 86.
599 2040 845 2086 Quaerenda
877 2040 1037 2086 bucula,
1069 2043 1128 2083 sic
1159 2041 1414 2082 discurrimus
1446 2046 1681 2094 quaerentes
1713 2041 1937 2094 Caesarem,
1966 2013 2011 2084 ut
2036 2041 2191 2084 bucula.
2212 2065 2267 2074 —-
2295 2041 2386 2083 Bu

243 2096 351 2142 cula,
382 2110 513 2146 vacca,
541 2097 605 2136 vel
633 2097 806 2137 vaccula
839 2119 894 2125 —

375 2152 442 2192 Vs.
467 2150 533 2193 87.
591 2149 792 2202 Propter,
822 2152 945 2192 iuxta.
1001 2149 1147 2205 Aquae
1173 2152 1316 2196 rivum,
1345 2151 1454 2191 illum
1481 2162 1658 2205 sperans.
1679 2173 1733 2181 —
1772 2151 1925 2204 Viridi,
1954 2151 2139 2194 herbosa.
2197 2152 2248 2193 In
2276 2153 2386 2200 ulva,

241 2208 281 2247 in
310 2207 423 2257 valle,
454 2207 518 2247 vel
546 2206 636 2247 ulva
665 2207 798 2246 herba.
857 2208 928 2247 Hic
958 2167 1069 2247 suutl
1078 2208 1301 2260 parabolice
1328 2206 1377 2246 de
1405 2219 1551 2247 amore.
1585 2229 1637 2235 -

373 2263 439 2303 Vs.
467 2260 534 2303 88.
596 2261 735 2306 Serae,
766 2261 912 2303 tardae.
970 2260 1062 2300 Aee
1089 2263 1271 2300 meminit
1300 2261 1514 2305 decedere,
1546 2261 1617 2302 sed
1644 2273 1816 2302 manere.
1847 2283 1900 2290 —

376 2318 444 2357 Vs.
473 2315 540 2358 89.
604 2315 759 2355 Teneat
790 2319 963 2369 optativo
992 2317 1123 2357 modo.
1187 2315 1301 2355 Talis
1332 2329 1444 2355 amor
1473 2321 1636 2361 teneat,
1675 2316 1906 2358 subauditur
1933 2328 2007 2359 nos
2035 2318 2100 2360 vel
2128 2322 2179 2360 te.
2211 2341 2262 2348 —
2297 2317 2390 2360 Nec

247 2374 314 2417 sit,
344 2375 481 2426 prosit.
545 2370 668 2415 Cura,
698 2372 888 2412 ablativus
918 2373 981 2412 vel
1009 2372 1282 2412 nominativus·
1338 2370 1516 2416 Mecleri,
1545 2372 1686 2412 sanari.
1715 2395 1793 2403 ——-

380 2428 458 2467 Vs..
489 2425 555 2470 91
615 2426 819 2469 Exuvias
878 2427 1053 2468 Exuviae
1079 2432 1211 2467 vestes
1243 2427 1369 2468 dictae
1398 2427 1445 2468 ab
1473 2427 1669 2467 exuendo.
1736 2425 1927 2467 Exuvias
1965 2431 2005 2468 et
2031 2428 2196 2481 reliqua.
2252 2430 2392 2474 Pastor

248 2482 298 2522 de
327 2483 490 2536 collega,
523 2482 572 2523 de
597 2494 720 2535 puero
750 2479 854 2532 dicit,
885 2482 1022 2522 Medea
1051 2482 1101 2523 de
1130 2482 1252 2522 fratre
1281 2494 1368 2532 suo,
1399 2481 1582 2535 Virgilius
1612 2481 1663 2522 de
1693 2481 1908 2524 Octaviano
1939 2481 2126 2535 Caesare,
2156 2489 2225 2526 aut
2252 2486 2393 2527 mulier

249 2537 299 2577 de
328 2542 501 2577 amatore
530 2550 602 2578 suo
634 2537 737 2577 dicit.
770 2561 822 2565 —
851 2536 1055 2582 Exuvias,
1085 2549 1175 2590 pars
1207 2538 1304 2591 agri,
1336 2549 1437 2589 quae
1465 2549 1601 2577 secum
1629 2539 1830 2578 remansit.
1888 2514 2126 2589 Perfidus,
2133 2539 2261 2582 malae
2287 2540 2389 2582 fidei

250 2589 457 2643 Perfidus,
488 2592 525 2631 id
557 2596 617 2632 est
645 2592 787 2645 diguus
818 2593 979 2645 magicis
1011 2593 1262 2644 carminibus,
1294 2592 1385 2633 dum
1413 2592 1585 2644 pe1fidus
1615 2593 1678 2634 sit
1735 2595 1917 2632 lumuus
1946 2592 2049 2634 dicit.

382 2647 447 2686 V.s
480 2626 794 2697 92.P1·9nora
825 2659 923 2685 cara
951 2648 1027 2686 sui.
1083 2647 1251 2701 Pignora
1280 2659 1425 2697 rerum,
1458 2647 1623 2701 pignora
1652 2647 1833 2711 filiorum,
1863 2648 2025 2689 relictus
2064 2648 2157 2689 licet
2185 2661 2279 2691 cara
2307 2651 2392 2692 eius

249 2713 414 2796 pjigqora
447 2699 662 2741 confitetur.
678 2723 733 2730 —
754 2699 914 2740 Limine
945 2703 989 2741 in
1018 2703 1127 2754 ipso,
1158 2703 1231 2743 sub
1261 2702 1393 2743 limine
1412 2701 1580 2755 depono,
1610 2701 1650 2743 id
1682 2707 1755 2755 est,
1785 2703 1826 2743 in
1845 2703 1935 2745 loco
1953 2714 2070 2745 sacro
2098 2703 2162 2745 vel
2187 2705 2393 2760 intemplo

285 2768 326 2797 es
346 2769 391 2797 ae
436 2778 487 2785 —

385 2913 421 2954 Β)
447 2911 549 2945 Cod.:
576 2911 618 2944 id
645 2918 711 2945 est
736 2913 785 2946 ab
813 2923 954 2947 rosea.
987 2914 1022 2956 9)
1050 2913 1155 2948 Cod.:
1181 2915 1315 2960 ligna.
1352 2916 1402 2957 10)
1429 2914 1532 2950 Cori-2
1557 2927 1649 2961 q.ua
1683 2916 1734 2958 11)
1760 2915 1863 2951 Cod..
1854 2928 1863 2936 ·
1890 2918 2051 2951 circum
2073 2908 2180 2952 fuer]
2215 2919 2265 2962 12)
2292 2919 2395 2956 Coa.-

252 2968 383 3001 quem.
434 2958 482 2999 13)
508 2956 610 2991 Cod.:
636 2958 760 2991 fiant.
816 2959 865 3000 14)
892 2959 993 2993 Cod.:
1021 2960 1173 3004 adque.
1231 2962 1280 3003 15)
1313 2960 1417 2995 Cod.:
1441 2927 1595 2995 modiqs.
1652 2963 1702 3004 16)
1729 2962 1831 2996 Cod.:
1857 2962 1993 2997 lanes.
2050 2963 2102 3006 11)
2135 2963 2238 2998 Cod.:
2263 2966 2397 3001 colli-

251 3014 354 3047 gam
407 3004 454 3044 18)
481 3002 584 3036 Coti-z
611 3014 706 3048 quo.
765 3004 940 3045 1⁹)C0d..
968 3005 1173 3049 glutinet.
1230 3008 1282 3055 2⁰)
1308 3007 1410 3042 eod.-
1435 3007 1917 3052 glutineturetardet.
1972 3013 2024 3049 21)
2058 3008 2161 3044 eod:
2194 3011 2397 3056 apolline

250 3055 520 3092 sequeretur.
567 3051 614 3091 22)
639 3049 743 3084 Cod.:
769 3056 1017 3084 amatorem.
1065 3051 1116 3094 23)
1142 3051 1242 3086 Cod.:
1269 3054 1446 3088 rustica.
