2430 3177
1116 38 1181 86 25

1010 106 1275 123 Μ

203 167 268 208 νε.
299 165 392 209 238.
450 164 657 220 Adfioeae,
689 179 797 221 apes.
856 166 906 206 In
936 167 1104 207 vulnere
1132 180 1212 209 non
1243 179 1338 213 suo,
1375 169 1445 210 sed
1475 181 1498 211 a
1528 182 1573 212 se
1600 170 1735 213 inlato.
1773 195 1829 202 —
1865 171 1915 212 In
1946 173 2113 213 vnlnere
2137 188 2212 226 po-

69 225 194 266 nunt,
225 222 363 262 Aspen
392 222 503 264 dicit:
532 224 571 264 in
603 236 800 264 carcerem
831 224 963 273 mitto,
995 223 1066 263 sed
1096 224 1280 275 quoniam
1310 225 1439 265 honae
1468 228 1588 278 partis
1618 228 1659 267 in
1688 227 1856 269 ablativo
1885 229 2063 280 ponitur,
2093 231 2213 282 ponit,

69 278 222 330 posuit,
257 279 456 329 positurus
485 283 545 319 est
573 279 720 319 nullum
751 277 911 318 modum
949 278 1116 329 habent,
1155 291 1245 318 nam
1275 280 1465 333 legimus:
1506 282 1742 335 animasque
1771 283 1816 321 in
1845 282 2011 322 vulnere
2032 289 2214 335 ponunt,

68 343 148 373 non
179 331 275 372 dixit
301 332 341 372 in
370 333 513 373 vulnus
543 339 610 373 aut
638 334 676 372 in
707 333 870 374 vulnera
880 346 892 382 ;
923 334 1138 385 quamlibet
1167 333 1216 373 de
1246 340 1372 375 morte
1401 336 1516 385 dixit,
1549 337 1649 377 bene
1680 343 1809 378 tamen
1839 350 1935 379 usus
1966 343 2039 379 est.

202 387 268 427 Vs.
301 385 395 428 239.
453 386 632 435 Parces,
664 388 851 428 consulis.
882 410 936 416 —-
966 387 1152 441 Futuro,
1182 393 1312 429 utrum
1325 392 1378 442 ³³)
1410 392 1575 444 tempori
1606 404 1654 432 an
1685 393 1818 433 melli?

202 442 269 482 Vs.
300 441 394 484 240.
453 442 514 481 Et
541 455 605 481 res
634 441 900 487 miserabere,
931 455 982 483 ne
1011 448 1173 496 pereant
1201 444 1337 493 tibi34)
1368 446 1520 499 inopia3
1549 447 1736 499 fractas,
1767 448 1956 489 adflictas.

203 497 269 538 Vs.
301 497 394 539 241.
456 497 635 550 Suffire,
664 497 882 550 fumigare,
914 503 956 540 ut
984 497 1140 538 inimica
1169 500 1349 540 animalia
1379 501 1543 555 fugiant.
1575 524 1624 529 —
1658 501 1826 547 Inanes,
1858 504 1942 543 sine
1972 504 2098 546 melle.

203 552 270 593 Vs.
302 551 394 594 242.
453 552 652 604 anotus,
682 553 888 606 ignobiliS,
920 553 982 593 alii
1015 555 1183 605 iynotos
1211 554 1249 594 id
1283 560 1342 595 est
1373 556 1510 596 oculis,
1541 580 1592 586 —
1623 555 1802 602 Adedae't,
1835 560 2042 600 consumit.

202 608 270 647 Vs.
302 606 394 648 243.
457 607 612 646 Stellio
627 609 710 656 ³⁵),
742 609 836 648 avis.
868 630 923 637 —
953 607 1145 661 Blattis,
1175 610 1372 651 vermibus
1403 623 1473 664 per
1503 616 1660 652 noctem
1691 613 1938 666 vagantibus.

182 663 270 702 “νε.
302 661 395 704 244.
453 661 659 707 Inmunis,
691 675 832 715 expers
861 663 1020 704 laboris.
1916 661 1926 669 ’

203 717 268 758 νε.
301 717 393 759 245.
455 715 635 761 Crebro,
668 719 733 770 qui
762 720 888 770 possit
916 720 1002 759 illas
1032 719 1070 759 vi
1100 731 1178 759 non
1208 720 1455 761 animositate
1483 733 1683 774 superare.
1723 744 1777 750 -—
1817 720 2040 773 Inparibus
2080 725 2216 775 armis,

69 772 265 825 inaequali
295 773 482 822 consilio;
513 773 656 817 armis,
689 774 884 823 consiliis,
916 779 980 815 ut:
1013 786 1164 826 quaere
1194 777 1384 814 conscius
1415 789 1549 824 arma,
1579 776 1618 816 id
1649 781 1709 817 est
1739 778 1913 817 consilia.

52 833 60 836 “
201 828 267 869 νε.
297 827 391 869 247.
451 827 615 867 Aranea
655 841 798 868 casses.
866 827 1021 869 Aranea
1060 830 1188 882 puella
1233 831 1388 874 lanificii
1426 832 1549 884 perita
1587 832 1704 871 nimia
1752 833 2012 873 exsultatione
2054 833 2219 885 inproba

71 894 171 936 opus
209 894 324 925 suum
364 884 563 930 Minervae
600 885 795 936 praetulit.
867 884 976 924 Hanc
1016 885 1090 926 dea
1127 885 1167 924 in
1207 898 1390 927 araneam
1431 887 1547 927 vertit
1596 887 1780 939 deditque
1808 888 1862 933 ei,
1899 893 1942 928 ut
1982 899 2101 941 opere
2140 900 2218 939 qno

69 938 267 991 gaudebat
296 950 375 979 non
407 939 604 979 desineret
640 939 807 992 fatigari.
865 940 972 979 Haec
1004 940 1145 992 laqueo
1181 941 1299 982 vitam
1334 941 1476 992 finivit,
1515 942 1607 982 inde
1644 954 1779 983 casses
1816 943 1855 983 in
1886 943 1964 983 alto
1994 943 2218 996 suspendit3

72 997 111 1033 et
148 993 366 1034 notandum
406 1007 636 1037 aranearum
679 999 786 1035 texta
827 1006 961 1034 casses
993 995 1116 1045 dicta,
1159 1007 1247 1035 cum
1275 1008 1411 1036 casses
1441 998 1597 1050 proprie
1637 997 1816 1038 dicantur
1853 998 2010 1050 quidam
2040 999 2218 1049 sinus86]

72 1060 124 1089 ex
152 1048 308 1090 modico
337 1050 412 1089 reti
441 1049 556 1093 facti,
589 1051 653 1101 qui
683 1051 722 1089 in
753 1051 875 1089 vicem
906 1050 1135 1101 laqueorum
1166 1049 1279 1091 feras
1303 1051 1522 1104 decipiunt,
1550 1057 1593 1092 ut
1621 1052 1674 1092 ibi
1702 1066 1787 1092 non
1818 1052 2000 1092 cassibus
2032 1052 2145 1092 ullis.

205 1104 272 1144 Vs.
300 1103 394 1145 250.
451 1103 494 1142 F
498 1118 592 1143 oros
623 1104 791 1144 alvearia
822 1103 936 1153 dicit,
970 1117 1058 1146 cum
1092 1105 1248 1157 proprie
1275 1105 1352 1146 fori
1382 1108 1539 1147 navium
1570 1108 1658 1148 sint.

70 1213 96 1254 h
122 1213 177 1254 Μ
204 1159 269 1254 (tiss.
301 1151 410 1200 254.'
453 1157 575 1199 Alius
616 1158 759 1203 color,
799 1159 978 1211 pallidus.
1049 1159 1238 1209 Vultum,
1277 1161 1340 1203 alii
1376 1162 1499 1213 vultu,
1530 1162 1570 1203 id
1610 1167 1671 1204 est
1701 1175 1772 1216 pro
1814 1175 2004 1216 corpore,
2044 1163 2122 1204 hoc
2160 1168 2221 1204 est

99 1226 121 1254 a
149 1227 204 1255 iu
233 1226 308 1254 me.

206 1269 272 1309 Vs.
304 1267 398 1310 255.
456 1268 590 1314 Luce,
618 1270 720 1319 vita3
751 1269 844 1308 luce
875 1272 1106 1318 carentum,
1136 1277 1395 1313 mortuorum.

207 1325 272 1365 Vs.
303 1322 397 1366 256.
455 1323 731 1376 Escportant,
763 1325 941 1366 efferunt.
976 1344 1016 1354 ’-
1055 1325 1117 1365 Et
1145 1328 1286 1366 tristia
1313 1328 1464 1378 funera
1493 1340 1582 1369 cum
1612 1327 1828 1380 exsequiali
1847 1340 2002 1382 pompa.
2031 1326 2220 1377 Ducunt,

73 1379 229 1423 ducerer
246 1381 405 1433 proprie
431 1379 614 1422 funerum
645 1385 716 1421 est.

53 1451 55 1453 ¹
210 1436 274 1475 Vs.
306 1434 399 1477 257.
458 1434 644 1476 Pedibus
673 1447 908 1485 connexae,
938 1435 1101 1489 pedibus
1130 1438 1296 1478 invicem
1327 1449 1371 1478 se
1400 1442 1547 1479 tenent.

209 1491 275 1531 Vs.
307 1489 401 1532 260.
464 1490 672 1543 Traett'm,
704 1504 773 1544 per
802 1492 992 1542 ordinem,
1024 1492 1063 1532 id
1095 1498 1156 1534 est
1182 1494 1268 1532 sine
1297 1493 1599 1543 intermissione,
1631 1493 1787 1547 iugiter.

209 1546 275 1587 VS.
306 1544 397 1598 261.
459 1545 660 1599 Friyiclus
690 1551 737 1585 ut
767 1546 974 1598 quondam
1009 1551 1048 1586 et
1085 1549 1195 1600 reliq.
1227 1559 1355 1600 usque
1384 1548 1495 1599 tynis
1533 1552 1614 1588 tres
1645 1548 1959 1601 comparationes
1989 1548 2028 1588 in
2058 1548 2224 1603 singulis

76 1602 294 1656 completae
324 1602 503 1642 versibus
534 1603 584 1641 de
612 1602 783 1641 Homero
814 1602 1027 1642 translatae
1057 1609 1167 1652 sunt,
1201 1614 1298 1655 quas
1328 1603 1394 1643 ille
1421 1603 1520 1642 binis
1550 1603 1731 1643 versibus
1762 1604 1904 1655 posuit.

161 1674 163 1679 r
209 1657 276 1696 Vs.
308 1654 401 1697 262.
464 1656 728 1700 Sollicitum,
760 1657 978 1708 turbatum,
1010 1658 1196 1697 iactatum
1228 1672 1249 1698 a
1268 1658 1370 1699 loco.
1433 1656 1654 1710 Stridit37)
1683 1659 1842 1711 proprie
1870 1663 2015 1700 matres
2045 1658 2220 1700 dicimus

208 1712 275 1752 Vs.
306 1709 397 1752 263.
458 1711 598 1763 Ιῃηίε,
631 1712 744 1752 deest
772 1711 830 1752 sic
859 1715 1033 1765 coeperit
1061 1713 1262 1766 languere.
1720 1723 1723 1726 ·

209 1767 275 1808 νε.
307 1764 399 1808 264.
463 1765 722 1810 Galbaneos‚
756 1766 876 1808 Galba
906 1768 1042 1809 civitas
1074 1773 1146 1809 est.
1177 1793 1230 1798 ω
1266 1767 1453 1812 odores,
1485 1767 1627 1820 quibus
1658 1767 1903 1809 delectantur
1932 1780 2039 1822 apes.

209 1823 275 1863 Vs.
307 1820 400 1863 266.
469 1822 713 1866 Vocantem,
743 1823 982 1862 invitantem.

211 1878 277 1917 Vs.
307 1876 399 1918 267.
458 1875 684 1921 Proderit,
726 1877 850 1916 mellis
888 1877 1046 1918 infusio.
1112 1876 1379 1926 Tuusam³⁸),
1419 1879 1563 1919 manui.
1605 1902 1656 1907 ,-
1700 1875 1870 1922 Gallae,
1910 1889 2036 1933 genus
2066 1878 2223 1920 herbae.

81 1932 306 1984 Saporem,
338 1933 448 1972 cuius
478 1932 683 1974 dulcedine
714 1943 807 1985 apes
840 1931 1097 1973 delectantur.

212 1989 277 2027 Vs.
307 1985 399 2028 268.
458 1985 654 2031 Arentes,
684 1988 822 2027 siccas.

212 2043 278 2083 Vs.
310 2040 402 2083 269.
461 2040 664 2095 Psytkiae
689 2043 929 2093 passosw),
960 2050 1122 2094 passum
1153 2043 1287 2084 facere
1317 2042 1366 2084 de
1394 2043 1487 2084 vite.
1509 2041 1712 2095 Psythia
1740 2055 1813 2097 pro
1843 2043 2084 2097 quolibetw)
2106 2056 2224 2097 passo

78 2098 197 2150 dixit,
228 2109 325 2138 usus
356 2097 488 2149 specie
515 2111 586 2150 pro
618 2109 779 2150 genere.
808 2119 862 2125 ——
892 2095 1069 2142 Passos,
1100 2100 1243 2139 siccos.

211 2154 277 2193 Vs.
313 2151 404 2193 270.
469 2151 736 2204 Cecropium,
767 2152 983 2202 Graccum3
1013 2166 1163 2205 ‚qr-ave,
1194 2153 1378 2207 graviter.

213 2209 279 2249 Vs.
310 2207 402 2249 271.
461 2207 585 2252 Flos,
626 2220 743 2260 quem
774 2207 913 2248 Graeci
948 2208 1209 2261 mellisphilon
1238 2213 1393 2250 vocant.
1456 2205 1639 2253 Amano,
1677 2209 1799 2250 herba
1839 2209 1922 2248 sive
1961 2208 2081 2258 silva,
2123 2220 2224 2260 quae

79 2265 187 2304 iuxta
216 2263 398 2303 Mincium
429 2265 614 2304 nascitur.

213 2319 279 2358 Vs.
312 2317 404 2359 272.
465 2317 646 2361 Facilis,
680 2318 755 2358 cito
785 2318 990 2358 invenitur.
1022 2341 1072 2346 —-
1109 2317 1434 2363 Quaerentibus,
1466 2318 1668 2359 herbariis.

214 2374 279 2413 Vs.
310 2371 403 2413 273.
463 2372 698 2425 Iuyentem,
734 2374 933 2426 ingentem
973 2374 1111 2413 silvam
1141 2374 1258 2412 liuius
1287 2373 1452 2424 herbae,
1493 2385 1608 2425 quam
1640 2374 1821 2413 amellum
1852 2377 1979 2414 vocat.
2038 2373 2145 2413 Haec
2175 2386 2223 2414 ex

80 2429 214 2483 gentili
244 2429 379 2469 notitia
408 2430 538 2473 novit.
572 2429 680 2481 plura
714 2429 815 2467 enim
845 2429 952 2469 iuxta
981 2428 1165 2468 Mincium
1195 2433 1423 2468 nascuntur.
1458 2451 1507 2457 -
1537 2425 1604 2465 De
1635 2429 1809 2479 cespite,
1843 2429 1892 2469 dc
1923 2429 2054 2480 stirpe.

214 2485 277 2524 Vs.
311 2482 403 2524 275.
473 2482 620 2522 Violue
658 2481 848 2521 sublucet
884 2496 1096 2535 purpura,
1139 2483 1310 2523 ostendit
1348 2484 1532 2536 purpurei
1575 2484 1717 2523 coloris
1758 2484 1849 2525 folia
1890 2483 2058 2535 quodam
2097 2485 2223 2524 nitore

81 2543 238 2588 essefl)
279 2540 449 2592 perfusa.
480 2562 531 2569 «—
567 2537 789 2582 saelum,
818 2538 920 2579 idem
949 2539 1046 2579 aliis.
1104 2538 1268 2591 Nigrae,
1300 2544 1392 2579 sunt
1421 2539 1523 2578 enim
1554 2539 1690 2592 nigrae
1719 2544 1757 2580 et
1785 2538 1977 2580 candidae
2004 2538 2141 2579 violae.

214 2595 279 2634 Vs.
311 2593 403 2635 276.
468 2591 722 2646 Torqut'bus,
754 2594 803 2633 de
834 2595 990 2634 coronis
1020 2594 1223 2634 flexuosis.
1561 2591 1566 2604 ⁸
1943 2632 1948 2639 ,

215 2649 280 2689 νε.
311 2648 402 2690 277.
468 2647 636 2694 Tonsis,
668 2649 864 2702 depastis,
896 2651 958 2689 vel
989 2650 1121 2698 tonsis
1152 2648 1316 2697 messis,
1348 2648 1597 2701 compositiS,
1630 2648 1786 2689 directis
1816 2659 1896 2688 non
1925 2648 2097 2688 silvosis.

212 2705 280 2744 Vs.
311 2703 404 2745 278.
463 2704 668 2747 Amellae,
701 2705 839 2745 civitas
867 2705 927 2744 vel
958 2704 1097 2745 fluvius
1130 2704 1383 2755 Campaniae,
1415 2703 1477 2743 vel
1507 2702 1684 2743 Amellae
1705 2703 1846 2743 flumen
1867 2703 2035 2743 vicinum
2056 2701 2221 2744 Brixiae.

82 2761 262 2798 luximus
303 2759 406 2800 dicit.
438 2782 490 2787 ——
521 2759 728 2803 Amellue,
765 2759 918 2799 Amella
957 2764 998 2799 ut
1037 2760 1100 2801 alii
1138 2760 1279 2799 fluvius
1311 2758 1478 2801 Galliae.
1519 2758 1623 2798 unde
1661 2764 1699 2799 et
1728 2759 1877 2799 Amella
1915 2763 1954 2798 et
1984 2758 2085 2797 melli
2115 2763 2155 2797 ut
2186 2758 2222 2797 in

81 2815 170 2854 anni
201 2815 288 2855 dem
321 2826 434 2854 anno.
495 2817 751 2854 GAUDENTNJS
793 2815 896 2855 (licit.

212 2947 264 2989 33)
287 2948 412 2980 utriii.
460 2948 511 2988 34)
537 2947 637 2979 cibi.
685 2947 737 2987 35)
773 2946 908 2980 Stelo.
958 2947 1008 2988 36]
1042 2945 1174 2980 finus.
1223 2945 1275 2989 37)
1308 2945 1455 2980 stridi.
1504 2945 1556 2988 38)
1589 2951 1772 2980 tonsam.
1820 2943 1873 2985 39)
1898 2943 2100 2987 psithiae
2124 2957 2222 2990 pos.

86 3002 170 3026 sos.
217 2993 269 3036 40)
295 3004 372 3038 qua
399 2993 520 3026 libet.
569 2993 619 3029 ⁴11)
647 2994 686 3025 in
710 3003 809 3026 rore
836 2998 968 3026 esset.
1367 3008 1370 3012 ·
1935 3035 1961 3077 4
