2430 3177
1231 56 1292 104 16

1131 125 1389 142 Μ

327 198 390 236 Vs.
422 193 515 236 539.
579 191 687 232 Cura
717 192 883 234 domat,
913 189 1030 230 timor
1060 187 1316 241 pestilentiae.
1346 208 1400 216 —
1435 182 1591 225 Timidi
1619 186 1785 231 damae,
1815 196 1943 240 genus
1979 188 2163 236 mutavit,
2201 190 2244 227 111
2271 188 2334 228 vi·

195 258 295 295 taret
324 249 758 297 lionioeoteleuton1⁴)‚
791 245 883 285 dicit
912 249 1042 286 autem
1073 242 1208 284 damas
1238 237 1277 282 et
1306 252 1446 282 cervos
1476 253 1610 282 errare
1639 253 1728 281 cum
1759 241 1934 283 canibus.
1990 241 2080 283 Duo
2108 241 2173 282 hic
2190 245 2333 282 osten-

196 310 274 359 dit,
306 307 378 347 hos
408 306 556 346 timoris
587 303 674 343 illos
702 301 918 342 ferocitatis
948 299 1100 338 oblitos.
1114 295 1169 349 15)

327 363 392 401 Vs.
433 358 526 400 543.
587 355 789 396 Insolitae
833 354 1007 406 fuyiunt
1048 353 1091 390 in
1125 352 1317 404 flumina,
1367 352 1480 405 quasi
1518 352 1700 392 timentes
1741 350 1930 390 marinam
1969 351 2242 403 pestilentiam.
2283 373 2329 382 .-

196 417 388 459 Phocoe,
418 414 526 454 vituli
540 414 596 464 16)
625 411 774 452 marini.

327 471 392 509 Vs.
424 466 517 509 544.
576 466 725 505 Interit
755 468 795 503 et
825 463 959 502 curvis
991 467 1030 503 et
1059 462 1168 515 reliq.
1200 462 1420 515 exemplum
1451 461 1671 502 dirissimae
1701 460 1957 512 pestilentiae.

333 526 395 564 Vs.
422 521 517 565 545.
576 521 741 574 Hydri,
771 523 987 572 serpentes.
1276 549 1282 552 ,

328 580 393 618 Vs.
423 575 515 618 546.
574 575 682 629 Ipsis
713 579 775 613 est
815 578 886 612 aer
915 571 1056 612 avibus
1087 576 1126 612 et
1159 571 1270 624 reliq.
1301 570 1591 624 quodammodo
1630 581 1732 622 quae
1771 569 1922 612 alarum
1951 568 2160 610 velocitate
2188 580 2335 621 super-

196 636 305 689 gredi
336 639 469 674 aerem
496 636 678 685 poterant
704 630 962 683 pestilentem.

198 688 202 690 ’
333 691 396 729 Vs.
427 685 521 729 548.
582 686 750 739 Refert,
782 684 920 725 melius
952 688 1023 724 est.

331 745 410 793 Vs.¹
428 741 519 783 549.
579 741 803 791 Mayistri,
833 738 993 788 medici,
1027 736 1193 777 studiosi
1222 737 1337 779 huius
1365 736 1488 783 rei.¹⁷)

258 795 265 797 ξ
332 801 397 839 Vs.
430 798 520 839 550.
583 795 822 848 Philyrides
868 792 1035 832 Chiron.
1095 791 1240 832 Chiron
1279 795 1502 839 centaurus,
1537 790 1712 842 Philyrae
1748 789 1849 829 filius
1880 795 1918 830 et
1947 789 2127 837 Saturni,
2156 788 2339 829 inventor
2373 818 2376 819 ⁷

203 855 425 896 medicinae.
456 876 506 882 —-
536 848 857 904 Amythaonius,
888 847 1147 900 Amythaonis
1178 846 1300 895 filius,
1331 845 1370 885 id
1400 851 1461 885 est
1482 845 1657 884 eiusdem
1678 845 1811 884 matris
1832 844 2048 896 Melampus
2072 845 2335 895 purgator¹⁸),

202 924 289 952 nam
321 909 519 948 Proetidas
548 905 802 959 purgavitw)
832 904 1006 943 lustratis
1037 902 1099 941 vel
1129 901 1250 941 tribus
1281 912 1382 952 quae
1411 901 1625 949 invenerat,
1658 904 1788 939 tamen
1818 899 1894 939 hoc
1913 899 2181 939 invalescente
2200 897 2338 938 morbo

202 979 273 1006 nec
304 963 534 1004 medicinam
565 960 758 1014 prodesse
783 971 858 998 nec
886 957 1130 1010 religionem.

335 1019 401 1057 Vs.
432 1016 523 1058 551.
588 1015 775 1068 Stygiis,
804 1014 902 1065 Styx
932 1011 1034 1064 apud
1063 1010 1211 1051 inferos
1241 1009 1356 1052 dicta.

334 1074 400 1112 VS.
432 1071 523 1112 552.
589 1069 837 1120 Tisiphone,
869 1078 1025 1108 aurora.
2211 1101 2214 1104 Ι

336 1129 400 1167 Vs.
432 1127 525 1167 555.
584 1124 834 1176 Arentesque
869 1125 1019 1161 sonant
1057 1121 1201 1171 ripae,
1241 1119 1326 1159 vult
1365 1118 1553 1158 elementa
1596 1118 1711 1158 etiam
1748 1119 2011 1171 pestilentiam
2048 1117 2215 1166 sentire3
2255 1128 2339 1156 are·

206 1184 300 1220 lum!
333 1182 479 1220 herbae
510 1186 550 1219 et
582 1179 729 1218 rictum
760 1191 801 1216 se
831 1189 914 1216 esse
941 1174 1224 1228 neyabant.²⁰)
1258 1197 1308 1203 -—-
1342 1172 1519 1224 Supini,
1550 1174 1790 1225 inaequales.
2055 1178 2058 1179 ’

335 1238 400 1277 Vs.
433 1234 525 1277 556.
583 1233 696 1278 Dat,
724 1233 955 1286 pestilentia.

334 1293 399 1331 Vs.
430 1290 522 1332 558.
579 1290 749 1332 Foreis,
779 1288 912 1328 fossis.

337 1349 400 1386 Vs.
434 1345 527 1387 559.
583 1343 712 1388 Nam,
744 1344 886 1396 quippe
915 1353 1045 1393 neque
1075 1346 1158 1382 erat
1187 1340 1303 1380 coriis
1335 1351 1430 1379 usus
1463 1338 1600 1378 morbo
1630 1337 1869 1391 putrefactis.

335 1403 401 1441 Vs.
432 1399 525 1442 560.
585 1399 669 1438 Ant
699 1398 822 1437 undis
859 1403 897 1437 et
933 1397 1042 1448 reliq.
1085 1408 1214 1447 neque
1253 1395 1372 1434 lavari
1402 1406 1473 1433 nec
1504 1393 1619 1444 coqui
1649 1398 1839 1446 poterant.
1897 1391 1997 1433 Caro
2027 1393 2130 1433 enim
2159 1395 2342 1444 corrupta

207 1459 342 1499 morbo
373 1456 569 1509 quendam
608 1455 726 1495 habet
770 1453 955 1502 odorem,
995 1451 1059 1502 qui
1099 1462 1178 1490 non
1208 1453 1338 1502 potest
1368 1449 1495 1498 ablui,
1538 1449 1721 1499 quoniam
1753 1460 1868 1488 omne
1898 1446 2076 1500 possidet
2105 1458 2259 1499 corpus.
2290 1468 2342 1475 —

208 1511 403 1556 Abolere.
442 1512 575 1551 lavari.
643 1507 727 1547 Aut
769 1508 929 1546 vincere
964 1506 1146 1558 flamma,
1191 1506 1437 1558 superposita
1474 1504 1554 1557 igni
1595 1507 1663 1542 aut
1701 1502 1879 1555 putrefit,
1923 1502 2225 1551 aut.durescit,
2266 1511 2344 1541 non

210 1569 399 1619 coquitur.
2164 1602 2167 1605 Ι

339 1623 404 1661 Vs.
436 1618 528 1661 564.
584 1618 796 1659 Ardentes
822 1614 1031 1668 pabulae,
1064 1626 1201 1656 carnes
1231 1613 1270 1653 id
1300 1619 1360 1654 est
1389 1611 1637 1660 carbunculi,
1671 1612 1830 1652 morbus
1861 1611 2176 1664 pedicularis.²¹)

343 1677 407 1718 Vs.
439 1672 532 1716 566.
595 1672 723 1711 Sacer
754 1672 876 1723 tynis,
906 1681 1031 1723 genus
1063 1670 1188 1709 morbi
1220 1673 1279 1708 est
1310 1673 1348 1708 et
1377 1679 1501 1720 genus
1530 1666 1798 1717 aegritudinis,
1829 1667 1937 1718 quod
1963 1679 2079 1708 sacer
2095 1666 2198 1719 ignis
2218 1675 2343 1706 voca-

210 1740 270 1772 tur
298 1731 452 1771 fervore
481 1729 589 1771 aerio
600 1731 657 1776 ²²)
688 1726 973 1775 inflammatus,
1006 1724 1191 1776 quodque
1220 1724 1358 1763 Graeci
1387 1721 1513 1774 ἱεράν
1542 1719 1734 1769 νόσονῖὃ)
1765 1725 1920 1763 vocant.

945 2043 1126 2120 Liber
1170 2044 1294 2118 1111.
1345 2027 1621 2132 georgic.

348 2198 414 2236 Vs.
448 2195 481 2236 1.
540 2192 766 2238 Protinus,
806 2205 910 2233 nunc
939 2192 1100 2232 ordinis.
1158 2191 1337 2231 Protinus
1367 2200 1522 2241 semper
1551 2190 1658 2228 initio
1699 2189 1870 2241 positum
1900 2186 2071 2228 ostendit
2098 2188 2174 2228 iam
2204 2187 2348 2240 aliquid

214 2252 502 2305 supradictum,
541 2262 631 2291 nam
672 2254 732 2288 est
767 2248 996 2288 adverbium
1034 2246 1180 2286 ordinis
1216 2245 1280 2285 vel
1320 2244 1518 2296 temporis.
1577 2244 1781 2293 Protinus,
1812 2242 2011 2295 deinceps,
2043 2241 2206 2291 exinde3
2244 2254 2351 2283 nunc

215 2310 423 2354 tloreum1)
466 2317 605 2359 agrum
639 2316 840 2356 exsequar
871 2308 912 2342 ut
942 2307 1152 2342 exsecutus
1183 2313 1270 2341 sum
1299 2301 1515 2352 superiora.
1579 2296 1785 2336 Caelestia
1813 2298 1948 2341 (tona,
1990 2297 2154 2337 deorum
2185 2309 2326 2338 munus
2337 2309 2350 2346 3
2416 2294 2430 2302 ‘⁸

217 2363 399 2402 caelestia
430 2360 555 2410 dona,
601 2372 652 2399 ex
681 2359 791 2398 caclo
822 2359 922 2397 enirn
954 2362 1021 2397 a'cr
1052 2356 1173 2406 cadit,
1216 2368 1264 2395 ex
1295 2358 1388 2394 aere
1416 2353 1517 2392 dona
1547 2358 1805 2405 praestantur.
1839 2376 1885 2382 -
1919 2348 2063 2402 Ae'rii‚
2102 2352 2208 2404 puri3
2245 2352 2352 2390 aerii

218 2416 369 2467 mellis,
412 2415 563 2455 caelum
600 2414 738 2454 rustici
777 2412 1011 2465 melliginem
1026 2414 1062 2458 2)
1104 2411 1248 2451 dicunt.
1308 2409 1454 2450 Nolens
1485 2408 1671 2461 Virgilius
1713 2408 1884 2448 caeleste
1919 2403 1995 2446 mel
2035 2407 2166 2451 dicere
2201 2407 2351 2447 aerium

216 2472 323 2510 dixit.
387 2468 594 2508 Caelestia
622 2469 756 2511 dona,
789 2480 838 2507 ex
866 2479 957 2506 rore
985 2466 1180 2518 colligitur
1211 2465 1311 2514 mel,
1343 2462 1447 2515 quod
1459 2463 1497 2513 ³)
1529 2475 1578 2502 ex
1608 2466 1699 2501 a'ere
1729 2461 1885 2510 defluit,
1926 2466 2017 2502 ante
2046 2462 2148 2501 enim
2179 2461 2256 2502 mel
2283 2462 2350 2501 in-

219 2525 445 2564 veniebatur
474 2524 513 2562 in
541 2524 668 2571 foliis,
707 2525 797 2570 ut4)
838 2521 1039 2573 mellaque
1075 2519 1257 2558 decussit
1285 2517 1430 2571 foliis,
1459 2516 1563 2558 unde
1592 2516 1685 2556 dicit
1714 2517 1897 2556 caelestia
1927 2515 2051 2565 dona,
2088 2515 2126 2555 id
2158 2519 2219 2556 est
2247 2517 2350 2557 deo-

220 2592 303 2620 rum
334 2590 486 2619 1111111118.

352 2634 414 2673 Vs.
447 2631 484 2673 2.
544 2630 762 2670 Maecenas
774 2633 836 2678 ⁵),
867 2631 929 2670 cui
958 2629 1140 2670 scribitur
1167 2629 1255 2670 hoo.

354 2689 418 2726 Vs.
449 2685 486 2727 3.
521 2694 524 2696 ·
548 2685 803 2725 Admiranda
833 2684 926 2728 tibi,
957 2684 1112 2727 audies,
1145 2696 1194 2725 ex
1222 2683 1340 2723 rebus
1369 2682 1519 2723 levibus
1551 2679 1666 2732 digna
1695 2684 1857 2730 stupore
1886 2691 1977 2720 esse
2005 2681 2043 2720 in
2074 2679 2230 2733 apibus,
2253 2691 2351 2732 pro-

221 2756 328 2785 ceres
361 2750 400 2783 et
430 2746 534 2781 tanta
564 2741 786 2781 certamina.
1860 2755 1862 2757 »
1888 2742 1890 2744 ’

353 2899 402 2940 14)
430 2896 736 2930 omos-electen.
787 2895 836 2937 15)
860 2894 1035 2928 oblitus.
1084 2895 1134 2935 16)
1159 2894 1288 2938 vitili.
1340 2894 1388 2935 17)
1413 2894 1517 2937 regi.
1568 2891 1614 2936 ιθ)
1641 2897 1865 2936 pugnator.
1911 2892 1965 2932 19)
1991 2891 2213 2935 pugnavit.
2245 2888 2354 2931 mer.

221 2947 301 2979 Aen.
334 2944 385 2984 m,
420 2942 495 2976 142.
540 2942 592 2983 21)
624 2939 894 2984 peduelares.
949 2940 1001 2981 22)
1035 2941 1221 2973 aeriore.
1269 2940 1319 2981 23)
1352 2948 1587 2982 pannocon.
1639 2939 1671 2979 1)
1699 2938 1956 2975 deflereum.
2003 2940 2040 2980 2)
2069 2935 2354 2979 melligenem.

219 2992 254 3031 3)
279 2991 359 3034 qni.
405 2989 439 3030 4)
465 2988 584 3032 Georg.
610 2986 635 3028 1,
665 2984 740 3020 131.
787 2990 821 3027 5)
848 2987 1080 3019 mecienas.
