2430 3177
1162 87 1229 136 23

113 222 396 276 gia-fraudis,
426 222 609 274 antiquae
637 221 1078 271 discordiae,²;astutiae³
1093 218 1339 267 hominnm...v
1361 219 1558 267 Priscae·
1566 222 1748 273 fraudis,
1780 226 1914 273 vetera
1928 221 2274 275 :bellaraptusque

115 278 329 330 coniugum
358 283 397 318 et
423 276 610 330 perfidiae
640 277 837 330 hospitum
865 278 1135 318 nemanebunt.
1165 299 1181 315 ·.
1223 319 1227 323 ,
1367 313 1369 315 ,
1722 293 1725 295 ·
1766 298 1769 304 >
1879 294 1883 299 ·
2148 280 2159 288 “

247 333 314 372 Vs.
345 330 411 373 32.
475 329 692 383 Temptare
720 343 790 383 pro
821 331 1075 383 temptabunt.
1140 331 1314 384 Thetim,
1345 344 1466 375 mare.

172 390 186 421 f
246 387 314 427 Vs.
344 384 410 438 33.
468 385 661 435 labeant,
689 391 844 439 cogant.
935 415 938 421 .
1004 422 1007 425 .

246 443 313 481 Vs.
344 439 409 482 34.
466 440 610 487 Alter,
641 441 851 493 allegorice
878 438 1086 482 Antonius.
1117 465 1170 471 -—
1207 440 1387 494 Tiphys,
1426 442 1667 495 gubernator
1694 445 1804 484 navis
1834 438 2122 497 Argo‚'qui'in
2152 447 2271 496 ponto

111 510 201 537 cum
230 498 432 549 superiore
461 501 570 548 parte
598 497 708 536 navis
727 496 878 548 perisse
898 495 1050 540 dieitur,
1081 498 1120 537 in
1151 498 1254 548 loco,
1285 497 1350 549 qui
1371 496 1601 550 Symplegas
1621 496 1771 537 dicitur.
1807 497 1937 550 Amo.
1969 500 2078 540 navis
2099 498 2270 550 apud¹⁷)

111 552 293 600 Danaos'3
336 550 511 591 eiusdem
541 551 686 602 Tiphys
718 549 1000 602 [gubernator]
1131 576 1133 579 f
1223 575 1226 577 >
1785 571 1813 583 ,-
2058 566 2066 573 .

244 606 312 646 Vs.
343 603 409 646 35.
468 603 669 643 Delectos
699 604 879 659 heroae„
897 605 936 646 id
964 611 1027 646 est
1053 607 1334 651 sortesviros.
1386 603 1590 654 Delectos
1622 618 1690 657 pro
1720 607 1853 655 electis
1886 607 2002 659 dixit,
2033 608 2099 660 qui
2127 606 2264 660 Argo-
2308 650 2310 653 ,

108 667 252 702 nautae
281 661 372 700 dieti
402 665 493 700 sunt
522 665 560 700 et
589 672 678 700 cum
708 660 848 700 Iasone
877 659 1044 701 Colchos
1075 662 1252 714 profecti.
1284 684 1337 690 ——
1367 660 1654 700 Alterahella
1682 662 1832 714 imperii
1862 664 1930 702 tui.

243 717 309 756 Vs.
340 713 406 756 36.
471 713 658 758 Troiam,
700 714 849 755 Italiam
888 716 970 756 vult
1007 717 1194 771 intellegi
1217 727 1287 769 per
1325 717 1544 770 longiorem
1580 728 1764 766 sensum,
1805 718 1896 769 quia
1934 731 1972 770 av
1995 716 2171 757 Troianis
2210 723 2269 757 est

106 772 329 815 constituta.
371 765 575 821 Achilles,
604 770 775 822 Pyrrhus
797 769 1045 823 -Epirotade
1074 781 1222 826 genere
1251 772 1426 822 Achillis,
1450 775 1504 821 1⁸)
1536 772 1598 812 vel
1618 772 1650 810 vP
1699 772 1808 822 rhus,
1841 772 1906 824 qui
1938 777 2073 812 contra
2103 771 2266 811 Romam

107 826 314 868 dimicavit.
371 824 597 878 Allegorice
626 825 832 866 Antonius.
857 848 896 853 —
933 824 1004 864 Ad
1039 824 1229 878 Troiam,
1261 827 1310 867 ad
1339 825 1484 866 Asiam.
1543 826 1742 865 Achiles.
1781 827 1840 867 De
1868 826 2051 880 Augusto
2083 826 2263 876 Caesare,

104 882 145 922 id
174 885 248 921 estx
264 879 480 921 Octaviano
511 880 614 920 dicit.
672 880 792 921 Iulius
821 881 924 921 enim
955 880 1100 923 Caesar
1129 895 1216 923 cum
1247 882 1462 923 Octaviano
1503 894 1574 934 per
1602 886 1878 923 testamentum
1907 894 2051 935 nomen
2081 893 2197 922 suum
2228 886 2267 921 et

103 947 272 990 regnum
303 934 473 983 tradidit,
505 936 623 976 etiam
652 935 809 977 Troiam
840 938 1073 977 eumiussit
1101 940 1338 978 restaurare.

238 991 305 1030 Vs.
338 988 403 1031 37.
462 988 577 1027 Hine
606 989 677 1028 ubi
708 991 789 1028 iam
816 992 981 1042 firmata
1011 997 1137 1037 aetas,
1169 993 1280 1044 quasi
1309 997 1403 1034 tunc
1432 997 1666 1045 paci-esset
1684 990 1904 1045 Augustus,
1935 992 1997 1031 vel
2026 1003 2105 1032 non
2135 996 2264 1041 natus,

104 1047 158 1088 ita
188 1046 292 1086 dicit.
322 1069 371 1088 —-,
405 1044 542 1084 Virum
574 1048 614 1084 te
641 1046 807 1097 fecerit,
830 1047 978 1088 *velud
997 1048 1382 1098 puerumSalonium
1402 1048 1585 1098 loquitur,
1618 1048 1729 1098 quasi
1749 1047 1907 1098 diceret,
1940 1047 2004 1088 ubi
2034 1047 2265 1090 adoleveris,

105 1102 170 1142 vel
199 1101 264 1141 ubi
294 1101 442 1140 virilem
472 1105 604 1152 togam
633 1103 870 1149 sumpseris,
912 1102 973 1139 vel
1003 1102 1052 1139 ad
1082 1101 1473 1153 Augustmmquasi
1501 1113 1600 1152 puer
1629 1106 1737 1140 esset
1765 1107 1858 1142 tunc
1887 1102 2147 1152 Octavianus,
2179 1103 2263 1141 sive

102 1156 183 1197 n'on
203 1156 260 1204 ¹⁹)
290 1160 404 1194 natus
432 1159 551 1200 esset,
581 1155 635 1192 ita
662 1153 907 1194 vaticinatur.

237 1210 303 1248 Vs.
336 1206 401 1248 38.
466 1206 595 1246 Cedet
635 1210 674 1246 et
712 1208 804 1257 ipse
842 1209 946 1246 mari
975 1213 1140 1261 vector,
1177 1209 1216 1249 id
1247 1215 1326 1259 est,
1358 1210 1669 1262 isquimerces
1699 1209 1826 1260 vehit,
1860 1210 1964 1251 dabit
1992 1212 2122 1251 locum
2152 1212 2260 1261 mari,

101 1276 176 1305 nec
203 1275 370 1304 necesse
399 1263 471 1302 erit
500 1263 722 1315 negotiari,v
751 1263 841 1314 quia
881 1264 1011 1304 omnia
1051 1265 1090 1304 in
1120 1265 1300 1304 omnibus
1323 1269 1457 1311 terrae
1486 1265 1583 1304 locis
1613 1265 1905 1305 habundabunt.
1973 1265 2063 1305 Nec
2092 1268 2264 1306 nautica

95 1320 239 1372 pinus,
267 1330 344 1358 non
375 1317 524 1371 indiget
553 1319 762 1371 navigare,
794 1319 884 1369 quia
914 1319 1044 1360 omnia
1073 1318 1122 1358 ad
1152 1324 1190 1359 te
1217 1319 1393 1359 ferentur
1421 1331 1515 1372 prae
1543 1320 1694 1369 timore,
1716 1322 1771 1368 ²⁰)
1805 1325 1842 1359 et
1870 1333 1941 1372 pro
1970 1322 2122 1361 honore
2149 1322 2263 1376 regni

100 1375 202 1415 haec
230 1374 360 1414 omnia
389 1372 583 1413 dicuntur.
604 1395 657 1405 —-
682 1371 811 1411 Cedet
841 1378 882 1411 et
914 1374 1005 1424 ipse
1033 1374 1150 1418 mari,
1180 1375 1386 1415 abstinebit
1415 1375 1524 1424 mari,
1555 1380 1696 1426 sponte
1725 1375 1943 1416 advenient.
2013 1376 2164 1416 Vector
2190 1389 2260 1430 pro

102 1435 305 1478 vectores,
347 1428 409 1468 vel
447 1428 586 1472 cedet,
624 1429 753 1468 omnia
790 1428 859 1468 tibi
897 1428 1057 1480 cedent,
1099 1431 1278 1481 quamvis
1319 1430 1443 1483 primo
1481 1431 1678 1483 putaveris
1713 1430 1828 1471 bella.
1895 1429 2083 1471 Nautica
2114 1433 2258 1484 pinus,

94 1491 308 1526 nautarum
337 1495 460 1522 navis.
1501 1521 1507 1535 Ι,

231 1539 297 1578 Vs.
329 1536 395 1579 39.
456 1537 617 1577 Merces
645 1550 716 1590 pro
746 1537 962 1578 mercedes.
1011 1537 1134 1590 Fert,
1163 1540 1397 1591 procreabit.
1429 1563 1481 1568 —
1513 1539 1652 1580 Omnia
1680 1539 1972 1581 habundabunt.

232 1594 299 1633 Vs.
327 1592 393 1633 40.
453 1593 654 1645 Rastros,
685 1598 834 1643 aratra,
865 1593 927 1633 vel
957 1599 1119 1649 restim,
1150 1594 1290 1645 quibus
1320 1594 1549 1647 operiuntur
1573 1606 1708 1647 grana.
1738 1618 1790 1625 —-
1819 1592 1919 1634 Non
1948 1591 2066 1635 cinea
2093 1597 2260 1649 falcem,

99 1661 179 1691 non
208 1648 484 1700 amputabitur.
1734 1698 1737 1700 ι

232 1701 393 1744 Vsa-41.
454 1702 665 1741 Robustus
706 1707 849 1741 arator
889 1703 1019 1741 tauris
1058 1703 1159 1756 iuya
1193 1702 1349 1755 so'lcet,
1387 1707 1547 1757 propter
1584 1704 1802 1746 ubertatem
1842 1709 1971 1747 terrae
1995 1707 2257 1761 infatigabilis

97 1771 177 1800 non
205 1759 338 1800 iniciet
366 1771 412 1798 se
441 1759 646 1807 labori.²¹)
1150 1796 1153 1799 ,
1254 1803 1257 1807 ,

232 1815 299 1854 Vs.
330 1812 397 1855 42.
467 1813 613 1852 Varios
644 1812 819 1858 eoloreS,
848 1813 990 1868 plagae
1022 1814 1124 1853 enim
1154 1815 1311 1868 signum
1343 1814 1446 1867 apud
1471 1814 1635 1869 gentiles
1659 1814 1829 1855 creditur
1849 1815 2027 1857 diversos
2050 1812 2203 1860 colores
2223 1819 2261 1859 in

97 1883 177 1913 uno
206 1870 354 1913 vellere
382 1881 483 1908 esse.
517 1893 566 1898 -
599 1868 788 1909 Mentiri.
848 1868 993 1909 Fucata
1023 1870 1109 1909 lana
1139 1871 1324 1909 mentitur
1352 1870 1448 1910 alios
1479 1870 1646 1910 colores.

1878 307 1950 330 ἰ’1”

231 1925 298 1964 Vs.
328 1921 395 1964 43.
454 1922 598 1968 Aries,
630 1925 790 1964 arietem
819 1936 891 1977 pro
922 1926 1028 1965 omni
1057 1936 1202 1976 pecore
1231 1924 1349 1975 dixit,
1389 1930 1427 1965 et
1455 1937 1525 1978 per
1555 1926 1716 1977 arietem
1747 1931 1921 1967 ceterum
1949 1939 2069 1980 pecus
2099 1927 2256 1969 intelle-

95 1981 163 2035 git.
194 2003 246 2009 -—
279 1978 431 2030 Suave,
461 1979 698 2020 adverbium.
756 2011 759 2015 .
1162 2019 1165 2023 .

229 2035 296 2074 Vs.
326 2032 392 2074 44.
455 2032 640 2078 Murice,
679 2034 846 2074 tinctura
881 2035 1175 2086 purpurea‚²²)
1215 2033 1277 2073 vel
1314 2034 1431 2075 rubra
1469 2035 1661 2086 tinctura,
1701 2035 1764 2075 vel
1801 2036 1888 2077 flos.
1953 2035 2110 2076 Croeeo
2151 2039 2253 2084 luto,

96 2090 324 2144 hycinthino
355 2089 501 2139 colore,
521 2091 578 2137 23)
611 2088 673 2129 vel
703 2095 829 2141 genus
859 2088 978 2129 floris.
1009 2111 1061 2118 ——
1098 2086 1405 2138 Croceo'lutm
1433 2089 1474 2129 id
1503 2095 1563 2130 est
1591 2091 1758 2130 tinctura
1788 2092 1916 2142 crocei
1947 2093 2103 2134 coloris.
2162 2093 2254 2133 Mu-

96 2144 230 2197 tabit,
269 2143 309 2184 id
346 2148 407 2184 est
444 2149 582 2184 natura
621 2154 692 2184 sua
730 2156 781 2184 ex
819 2143 895 2185 alio
922 2144 971 2183 in
1011 2143 1128 2183 alium
1168 2143 1353 2184 colorem.
1411 2144 1527 2186 Haec
1556 2145 1686 2186 omnia
1723 2158 1794 2199 pro
1823 2146 2085 2189 habundantia
2124 2161 2253 2190 reruni

95 2200 290 2242 dicuntur.

228 2255 296 2295 Vs.
325 2253 391 2295 45.
454 2252 618 2304 Sponte
647 2267 736 2305 sna,
765 2254 922 2295 nemine
949 2253 1114 2304 ferente,
1146 2252 1397 2305 hyperbolice
1425 2254 1608 2307 loquitur.
1641 2279 1692 2286 --
1726 2254 1927 2308 Sandyoe,
1955 2268 2080 2310 genus
2108 2256 2255 2299 herbae

94 2309 254 2361 rubeae,
284 2310 396 2352 cuius
426 2309 581 2349 radices
611 2309 780 2349 infantes
811 2323 900 2350 cum
931 2310 1121 2359 coxerint,
1151 2308 1371 2349 tabularum
1402 2321 1514 2350 ceras
1544 2323 1595 2351 ex
1620 2311 1677 2352 eis
1708 2312 1923 2365 tinguntur,
1954 2311 2058 2351 unde
2087 2317 2126 2352 et
2153 2324 2252 2354 san-

94 2364 206 2406 dines
235 2365 299 2405 vel
328 2364 509 2406 sandices
540 2369 672 2404 vestes
702 2364 894 2406 dicuntur.

229 2421 294 2460 Vs.
325 2417 392 2460 46.
459 2417 596 2470 Talia,
624 2419 833 2472 praedicta.
900 2418 1024 2458 Talia
1051 2417 1192 2457 saecla
1221 2420 1321 2470 suis,
1350 2419 1389 2459 id
1420 2424 1492 2467 est,
1523 2419 1704 2460 dixerunt
1733 2419 1950 2461 concordes
1979 2420 2124 2462 Parcae
2152 2422 2250 2468 fusis

94 2477 190 2526 suis,
221 2475 261 2515 id
290 2479 362 2523 est,
394 2484 483 2514 eum
512 2473 611 2515 fusis
641 2475 723 2515 suis
747 2475 852 2516 ,haec
881 2479 1113 2523 statuerunt,
1142 2474 1181 2513 in
1211 2475 1352 2525 quibus
1382 2475 1617 2526 putabantur
1644 2474 1725 2515 fata
1755 2474 1955 2516 contineri.
1977 2478 2035 2525 2θ’)

200 2561 203 2565 ,
226 2530 292 2570 Vs.
322 2528 390 2571 47.
449 2527 626 2570 Parcae.
684 2530 828 2571 Parcae
852 2528 958 2571 'enim
987 2529 1066 2569 fata
1095 2528 1294 2570 hominum
1324 2541 1394 2582 per
1421 2528 1533 2569 fusos
1563 2540 1658 2570 suos
1689 2535 1970 2582 exposuerunt,
2003 2532 2077 2572 alia
2105 2532 2248 2583 nendo,

85 2584 170 2625 -alia
197 2585 379 2634 texendo,
410 2585 483 2624 alia
512 2585 743 2637 rumpendo,
764 2591 819 2626 ut·
846 2598 1026 2627 LUCANUS
1057 2585 1119 2626 ait.
1604 2632 1606 2635 ¹
1673 2627 1691 2635 ,⁷
1726 2632 1728 2635 y
1786 2607 1789 2611 ·

124 2650 148 2654 ‘·
191 2639 296 2735 st.
327 2637 393 2681 48.
449 2636 719 2693 Adgredere,
757 2654 781 2682 0
811 2640 1007 2683 Sola‘nine,
1037 2661 1091 2669 --
1119 2635 1364 2690 Adgredere
1393 2651 1564 2691 maynos
1589 2637 1788 2692 honores,
1826 2639 1866 2680 id
1895 2645 1973 2691 est,
2015 2641 2143 2696 incipe
2170 2643 2246 2683 ad·-

93 2705 187 2736 scen
219 2706 297 2735 ere.
452 2717 455 2723 -
530 2716 532 2719 ·
905 2722 908 2725 -
1280 2724 1282 2727 -

227 2750 294 2789 Vs.
324 2747 389 2789 49.
454 2743 560 2788 Cara
596 2748 713 2787 deum
753 2748 927 2789 soboles.
998 2748 1128 2788 Deum
1165 2760 1236 2800 pro
1276 2747 1437 2788 deorum
1460 2749 1619 2801 posuit.
1691 2744 1776 2790 Hoc
1820 2742 1883 2791 vel
1928 2750 1977 2790 ad
2019 2752 2243 2794 Saloninum

93 2817 257 2858 puerum
286 2804 481 2856 loquitur,
520 2804 583 2844 vel
612 2803 660 2845 ad
691 2803 966 2856 Octavianum,
1005 2817 1105 2857 quos
1135 2802 1217 2843 vult
1245 2813 1268 2842 a
1297 2802 1368 2843 diis
1398 2803 1587 2857 originem
1618 2803 1783 2844 trahere.
1816 2828 1866 2834 —
1908 2805 2105 2857 Maynum
2137 2805 2246 2846 Iovis

793 2917 813 2929 N

138 2959 142 2963 ⁹
227 2948 277 2990 n)
311 2946 415 3001 (lod-3
447 2952 562 3001 aput.
618 2947 669 2988 18)
705 2946 806 3002 Cod3:
839 2949 1051 2983 caehillis.
1110 2950 1160 2992 1⁹)
1186 2950 1288 2986 cod.:
1323 2953 1539 2996 eugenue·
1565 2959 1706 2987 natus.
1751 2955 1805 2996 20)
1832 2952 1937 2997 Cod.:
1973 2966 2051 2999 pro
2076 2957 2245 2991 timore.

92 2992 511 3074 &ghqffierlgommm
533 2998 576 3027 ot
599 2993 808 3028 selahori.
854 2995 907 3037 22)
932 2994 1062 3030 Codex:
1088 3007 1287 3041 purpura.
1329 2995 1544 3072 *tngssodext
1569 2999 1796 3033 iacinctho
1820 2999 1983 3034 colare.
2031 3001 2082 3044 24)
2109 3001 2244 3038 Codex:
