2430 3177
1121 88 1152 132 7

1005 153 1267 171 Q

194 216 261 257 vs.
289 213 356 258 62.
414 215 537 255 Haec
564 214 744 258 Damon.
801 215 946 256 Poetae
977 215 1154 265 verbum,
1192 216 1304 266 quasi
1337 215 1491 258 dixissit
1510 216 1609 258 haec
1628 218 1667 258 in
1687 207 1856 270 pers'ona
1877 218 2113 269 eius⁹³].-
2135 219 2215 259 1⁷0³

62 283 167 324 quae
194 270 463 322 responderit
491 270 807 323 Alphesiboeus,
839 282 942 322 quae
969 281 1076 311 nune
1106 269 1224 310 dicet.
1258 295 1309 300 —
2049 294 2052 296 ψ

191 327 257 367 Vs.
289 324 355 368 63.
413 324 581 379 Dicite,
620 327 837 377 insinuate,
879 337 981 378 quae
1009 326 1158 377 possim
1187 325 1260 365 sub
1291 337 1459 378 persona
1490 338 1577 366 mea
1607 326 1656 366 de
1686 340 1733 368 eo
1762 332 1934 368 cantare.
2003 326 2211 367 Pierides.

58 381 219 423 Invocat
246 382 394 432 Musas,
424 382 617 423 invocatis
646 393 817 434 namque
845 381 967 421 Musis
997 381 1281 421 incrementum
1313 382 1473 422 carmini
1503 394 1577 422 suo
1609 382 1750 422 tribuit.
1781 405 1836 434 —7
1872 382 2043 427 Omnia,
2074 384 2215 424 similia

57 448 284 491 possumuS‚
315 437 392 478 nisi
419 449 491 477 vos
521 437 722 478 adiuvetis.
762 435 863 475 Non
883 437 1022 474 onmia
1045 448 1262 487 possumus
1294 449 1449 488 omnes,
1481 437 1583 478 sicut
1613 441 1651 477 et
1686 435 1837 476 Cicero*
1864 438 1961 479 dixit
1975 441 2058 487 θῦε
2085 440 2218 490 pauci

58 505 179 532 unum
204 497 383 543 possunt
407 493 478 540 ⁹⁵),
509 497 724 544 utrumque
752 505 887 531 nemo.
921 516 970 522 --
1297 518 1316 526 -

140 583 144 587 .
191 549 258 588 Vs.
289 546 354 589 64.
412 546 530 598 Effer
557 560 703 599 aquam
732 552 771 587 et
800 552 942 588 cetera.
1000 545 1289 598 Alphesiboeus
1319 546 1392 587 sub
1421 557 1592 600 persona
1621 549 1758 588 uxoris
1782 548 1934 601 Daphni
1963 548 2064 590 haec
2095 547 2191 589 dixit
2202 562 2214 599 3

58 601 188 655 Effer,
219 615 299 644 vox
329 602 555 656 Daphnidis.
613 603 716 642 Dicit
746 602 794 642 ad
824 614 937 642 suam
967 601 1206 651 ministram,
1247 601 1285 641 id
1317 606 1378 642 est
1406 614 1600 655 praesaga
1640 603 1732 643 dicit
1769 603 1818 643 ad
1845 615 1942 643 eam.
2001 603 2060 644 Fit
2085 604 2214 644 Ama-

57 659 167 711 ryllis
188 659 246 709 ⁹⁶)
277 662 315 698 et
341 657 596 709 Amaryllida.
651 656 932 710 Amaryllidam
953 657 1010 707 ⁹⁷)
1041 656 1257 697 ministram
1295 657 1335 697 id
1365 662 1426 697 est
1465 658 1643 699 ancillam
1686 659 1782 697 eius.
1820 680 1874 688 —
1912 657 2031 709 Effer
2068 672 2214 711 aquam

58 725 160 754 uxor
188 713 280 754 dicit
309 712 357 752 ad
389 724 501 752 suam
533 713 762 764 ministram,
795 725 897 764 quae
925 713 1060 753 nititur
1087 710 1284 752 veneficiis
1316 712 1595 766 despicientem
1625 724 1670 753 se
1690 714 1872 753 maritum
1903 713 1951 753 ad
1973 717 2215 764 amorem⁹⁸)

56 779 257 810 revocare.
326 767 453 812 Vitta.
485 768 736 809 sacerdotum
766 768 899 809 infula.
929 790 983 796 —

190 823 257 863 Vs.
287 821 353 864 65.
422 822 646 868 Verbenas,
679 835 805 877 genus
835 823 982 863 herbae
1010 822 1254 865 castissimae
1285 823 1347 864 vel
1377 835 1426 863 ex
1454 823 1544 864 loco
1574 828 1713 864 sancto
1735 827 1791 872 ⁹⁹)
1823 828 2022 876 sumptae,
2055 829 2099 865 ut
2128 827 2213 862 Ta-

57 889 233 918 num-ms
264 883 302 918 et
330 882 514 918 Iummus
546 879 700 928 dicunt,
742 878 806 919 vel
834 879 1051 927 verbenaS,
1093 878 1220 919 olivae
1248 890 1405 928 ramOS,
1445 880 1508 919 vel
1535 890 1673 920 carnes
1703 879 1894 931 pingues,
1934 879 1997 919 vel
2025 879 2214 928 frondes3

10 946 12 951 ’
55 946 146 973 nam
178 934 330 983 omnia,
370 946 472 986 quae
499 935 646 984 virent,
686 933 883 974 verbenae
913 933 1106 973 dicuntur.
1137 956 1189 970 .—-
1221 931 1439 978 Mascula,
1469 934 1599 984 fortia,
1631 946 1703 986 pro
1733 934 1960 975 masculina.
2021 933 2216 973 Mascula

56 992 164 1034 tura,
194 994 294 1039 tura,
326 1002 428 1041 quae
456 990 496 1028 in
526 989 685 1029 modum
714 989 988 1029 testiculorum
1018 993 1121 1029 sunt.

189 1045 256 1085 Vs.
289 1042 354 1085 66.
417 1043 644 1095 Coniuyis‚
675 1045 824 1093 mariti,
854 1043 894 1083 id
925 1048 985 1083 est
1014 1042 1242 1096 Daphnidis.
1304 1042 1464 1088 Sanos,
1503 1055 1583 1084 non
1622 1048 1822 1094 amantes,
1863 1054 1955 1083 nam
1985 1043 2051 1095 qui
2079 1048 2214 1084 amant

56 1104 266 1154 aegrotant
295 1100 407 1151 quasi
436 1099 587 1139 morbo.
646 1097 857 1150 Avertere,
886 1103 929 1138 ut
958 1103 1101 1139 ament.
1123 1120 1176 1126 ——
1204 1095 1406 1149 Coniuqis
1438 1103 1477 1138 et
1504 1100 1666 1150 reliqua.
1707 1098 1887 1139 Forsitan
1918 1103 1956 1138 et
1983 1098 2083 1138 haec
2111 1098 2214 1138 alle-

55 1157 194 1209 gorice
223 1154 455 1208 Cleopatrae
483 1152 656 1194 Antonio
685 1155 843 1196 iunctae
872 1154 1132 1205 conveniunt,
1174 1165 1277 1205 quae
1307 1152 1518 1194 Caesarem
1547 1154 1731 1195 odibilem
1760 1153 1897 1192 habuit
1925 1157 1964 1193 et
1984 1157 2020 1202 1)
2052 1153 2215 1206 magicis

6 1249 9 1253 .
56 1211 180 1253 sacris
209 1221 315 1250 nunc
343 1209 542 1250 veneficiis
573 1222 662 1250 eum
690 1210 838 1250 invitat.
871 1231 924 1237 -

187 1266 256 1306 Vs.
288 1263 356 1306 67.
413 1263 540 1302 Nihil
567 1264 688 1309 hinc,
726 1270 818 1317 post
846 1263 1079 1305 sacrificium
1109 1263 1307 1304 conlatum
1326 1265 1379 1311 2).
1445 1263 1553 1303 Bene
1583 1263 1807 1317 desperanti
1827 1265 1865 1310 ³)
1910 1267 2002 1303 sunt
2042 1262 2216 1304 carmina

54 1321 305 1371 necessaria,
344 1325 389 1361 ut
413 1320 476 1360 vel
514 1320 573 1360 sic
601 1320 734 1374 abigat
753 1321 793 1371 4)
830 1319 880 1360 ad
908 1329 1161 1359 consensum.
1191 1340 1246 1348 -
1285 1316 1412 1356 Nihil
1440 1317 1509 1356 hic
1549 1319 1631 1356 nisi
1661 1318 1844 1356 carmina
1882 1317 2042 1357 desunt.
2108 1317 2214 1357 Bene

55 1376 280 1429 desperanti
307 1375 479 1418 carmina
511 1380 603 1416 sunt
632 1376 882 1426 necessaria,
922 1379 967 1414 ut
995 1374 1057 1413 vel
1086 1375 1144 1414 sic
1181 1372 1299 1413 ducat
1335 1373 1384 1413 ad
1423 1385 1673 1414 consensum.
1739 1370 1906 1411 Desunt
1946 1372 2116 1426 figurate
2143 1384 2215 1426 pro

55 1432 212 1473 absunt.
242 1453 296 1460 ——
1702 1446 1705 1450 ν

188 1487 256 1527 Vs.
287 1484 354 1527 68.
413 1478 579 1524 Ducite
599 1484 690 1525 huc.
748 1482 946 1527 Domum,
975 1482 1016 1522 id
1047 1487 1108 1524 est
1136 1481 1186 1522 ad
1216 1481 1374 1523 domum
1403 1495 1556 1533 meam,
1586 1481 1658 1522 sed
1688 1481 1929 1522 adverbium.
1987 1479 2148 1520 Ducite
2177 1485 2216 1520 et

54 1541 220 1594 reliqua.
277 1540 502 1596 Allegorice
536 1541 722 1594 Virgilius
757 1539 835 1580 hoc
872 1539 921 1579 de
949 1538 1121 1592 Augusti
1159 1539 1368 1579 vocatione
1408 1538 1455 1578 ad
1496 1538 1648 1578 Musam
1684 1549 1795 1578 suam
1835 1536 2070 1578 audiendam
2110 1535 2214 1576 dicit.

55 1595 121 1636 Ab
164 1595 265 1636 urbe
306 1598 331 1638 i.
364 1609 399 1639 e.
442 1596 579 1638 Roma.
650 1594 857 1642 Domum,
899 1594 1052 1634 Musam
1097 1593 1158 1634 vel
1196 1606 1366 1634 carmen.
1434 1591 1648 1645 Daphnim
1687 1604 1846 1641 amore,
1886 1592 1951 1632 vel
1992 1591 2214 1631 Caesarem.

55 1650 271 1704 Daphnim
296 1652 360 1692 vel
387 1652 560 1706 genitive
580 1654 618 1700 5)
649 1651 883 1705 legendum,
923 1654 966 1690 ut
995 1649 1080 1699 alii,
1122 1648 1227 1700 quod
1258 1660 1419 1688 sensum
1450 1651 1678 1689 commutat.
1745 1644 1971 1698 Daphnim.
2030 1646 2215 1700 Virgilius

55 1709 218 1750 mutavit
244 1719 389 1748 nomen
416 1708 683 1760 possessionis
713 1717 812 1747 suae
851 1710 890 1745 et
925 1717 1011 1744 eam
1052 1703 1258 1758 appellavit
1285 1703 1491 1756 Daphnim.
1531 1728 1582 1733 -
1613 1700 1772 1740 Ducite
1813 1701 1864 1740 ab
1900 1701 1998 1740 urbe
2037 1701 2214 1748 domum,

56 1764 96 1804 id
127 1769 189 1805 est
215 1763 393 1804 reducite
422 1763 471 1803 ab
500 1763 599 1803 urbe
627 1762 802 1803 domum.
859 1758 1099 1811 Daphnim,
1139 1758 1216 1799 hoc
1246 1762 1307 1798 est
1344 1763 1559 1800 amatorem
1588 1769 1716 1798 suum.
1774 1756 2002 1811 Allegorice
2030 1756 2215 1809 Virgilius

54 1818 229 1872 loquitur
258 1818 306 1860 ad
336 1829 408 1858 sua
439 1819 622 1869 carmina,
653 1822 697 1858 ut
726 1817 773 1857 ab
794 1816 891 1856 urbe
909 1816 1033 1856 Roma
1060 1814 1109 1856 ad
1129 1826 1245 1855 suum
1265 1826 1439 1854 amorem
1461 1813 1669 1854 Caesarem
1688 1813 1913 1866 Augustum
1932 1812 2216 1853 adtrahant—

188 1874 256 1914 Vs.
288 1872 353 1914 69.
417 1872 611 1912 Carmina
640 1878 679 1912 et
706 1872 881 1923 reliqua,
913 1871 952 1911 id
982 1875 1063 1921 est,
1095 1881 1175 1909 non
1204 1869 1333 1909 solum
1362 1869 1569 1922 Daphnim,
1601 1868 1671 1908 sed
1700 1869 1831 1908 lunam
1862 1868 1986 1920 ipsam
2019 1866 2216 1907 deducere

56 1930 167 1972 caelo
198 1934 377 1982 possunt.
449 1928 544 1977 Vel,
575 1929 728 1977 saltim3
770 1926 855 1970 vel,
886 1927 1014 1966 etiam.
1073 1923 1261 1962 Possunt
1289 1937 1361 1977 pro
1391 1924 1583 1965 adferunt.
1651 1921 1873 1961 Deduc-ere
1903 1922 2053 1961 limam.
2111 1921 2215 1962 Pana

16 2004 21 2009 ·
57 1986 195 2027 dicunt
232 1984 445 2025 deduxisse
484 1985 595 2025 caelo
634 1984 767 2023 lunam
808 1981 1046 2022 carminibus
1084 1981 1180 2020 suis.
1220 2003 1272 2008 ——
1318 1977 1512 2017 Carmina
1559 1977 1624 2016 ecl
1653 1977 1774 2017 caelo
1798 1982 1979 2029 possunt
2008 1976 2213 2016 deducere

56 2040 220 2091 lunam,
249 2044 416 2093 possunt
443 2051 515 2092 pro
547 2039 828 2092 adposuerunt.
887 2034 1107 2074 Deducere
1135 2033 1285 2074 lunam.
1341 2034 1493 2075 Dicitur
1519 2034 1597 2074 Pau
1629 2033 1678 2074 (le
1708 2033 1819 2073 caelo
1859 2033 1991 2074 lunam
2020 2031 2210 2073 carmini-

55 2096 130 2137 bus
159 2094 385 2138 adduxisse.
417 2117 471 2123 -—
1875 2089 1880 2095 ‘

154 2171 156 2173 ·
190 2150 256 2191 Vs.
289 2148 354 2191 70.
419 2147 700 2197 Carminibus,
729 2146 941 2188 veneficiis.
1005 2143 1140 2193 Circe,
1170 2143 1272 2186 Solis
1302 2143 1393 2195 filia,
1423 2155 1525 2196 quae
1552 2143 1680 2184 fertur
1708 2141 1897 2184 venificiis
1929 2142 2060 2182 socios
2090 2140 2211 2180 Ulixis

57 2206 97 2247 in
125 2206 272 2246 bestias
302 2206 484 2246 vertisse.
514 2227 566 2233 —
602 2203 753 2241 Socios
782 2203 956 2241 nnctavit
993 2200 1147 2242 Ulixis.
1208 2199 1379 2240 Comites
1402 2200 1485 2239 eius
1516 2200 1556 2239 in
1576 2210 1668 2240 aves
1691 2198 1872 2239 conversi
1894 2201 1997 2237 sunt.
2039 2196 2213 2249 Apparet

59 2261 166 2315 quod
196 2273 309 2302 orum
340 2261 553 2301 constituta
583 2258 697 2299 Circe
721 2259 797 2298 ista
816 2259 856 2309 6)
887 2258 968 2312 agit
995 2255 1208 2305 maleficia3
1246 2256 1313 2295 vel
1344 2254 1457 2296 Circe
1487 2254 1742 2307 disputatoria
1764 2256 1800 2301 7)
1832 2257 1937 2303 erat,
1971 2256 2010 2291 et
2039 2253 2104 2304 qui
2133 2250 2211 2291 ad-

57 2316 349 2371 grediebantur,
382 2317 456 2357 illis
485 2316 550 2356 illa
578 2313 810 2356 adserebat:
839 2313 898 2353 Tu
926 2323 1045 2354 ursus
1067 2323 1125 2361 eS‚
1156 2316 1199 2352 tu
1228 2312 1350 2361 canis,
1378 2312 1469 2363 quia
1487 2309 1582 2350 nihil
1601 2310 1692 2359 scis,
1725 2313 1764 2349 et
1790 2311 1932 2360 poetae
1961 2309 2211 2361 acceperunt,

59 2373 172 2425 quasi
200 2384 294 2412 vere
321 2372 361 2412 in
389 2371 495 2412 feras
527 2374 708 2410 verteret.
738 2391 792 2399 ·-

121 2453 124 2455 >
191 2427 258 2468 Vs.
291 2425 357 2468 71.
406 2423 633 2478 'Friyiclus,
665 2436 828 2474 nocens,
858 2424 922 2465 vel
951 2423 1041 2477 quia
1070 2421 1236 2476 frigidos
1255 2432 1402 2462 >morsu
1430 2420 1535 2461 facit.
1593 2420 1666 2459 Hic
1686 2429 1827 2458 sensus
1851 2421 1929 2458 est:
1960 2416 2053 2457 licet
2082 2428 2209 2458 vene-

55 2494 182 2525 nosus
212 2484 274 2533 sit,
303 2487 434 2524 tamen
461 2481 657 2535 frangitur
683 2480 868 2522 carmine.
902 2479 1010 2522 Haec
1038 2479 1302 2519 incantatores
1330 2476 1490 2517 faciunt.
1521 2496 1576 2504 -—
1611 2472 1832 2513 Cantando
1863 2472 2085 2524 rumpitur,
2116 2471 2208 2513 dum

60 2539 97 2580 ei
127 2538 365 2579 carminibus
395 2538 556 2579 canitur.
590 2559 639 2564 ——

191 2593 260 2634 Vs.
291 2591 359 2635 72.
414 2591 642 2644 Daphnim.
685 2591 861 2646 Daphnis
884 2591 1019 2632 laurus
1049 2589 1190 2630 dicitur
1218 2587 1350 2639 latine,
1380 2585 1486 2627 unde
1514 2589 1673 2639 putatur
1701 2583 1888 2638 Virgilius
1916 2582 2109 2636 Daphnim
2139 2592 2210 2634 pro

59 2661 133 2692 sua
161 2649 417 2702 possessione
443 2649 640 2700 posuisse.

193 2705 260 2745 Vs.
290 2701 358 2745 73.
421 2701 579 2751 Terna,
605 2703 758 2752 hostia,
790 2714 893 2755 quae
923 2706 1034 2742 terna
1063 2704 1136 2741 est.
1202 2695 1310 2742 Tibi,
1340 2696 1529 2750 Daphnis.
1593 2693 1728 2734 Terna
1756 2706 1902 2735 novem
1929 2691 2207 2745 intellegimus.

60 2758 239 2801 Diversa
268 2758 410 2799 colore
437 2759 590 2812 triplici,
620 2759 692 2801 tria
721 2758 821 2810 alba,
853 2758 928 2798 tria
953 2768 1084 2808 rosea,
1114 2755 1187 2796 tria
1215 2753 1342 2807 nigra.
1361 2775 1417 2783 —-
1442 2750 1577 2790 Terna
1605 2749 1685 2790 tibi
1712 2749 1816 2790 haec
1832 2750 2010 2802 primum
2039 2745 2209 2798 triplici

1378 2883 1390 2901 V

138 2928 146 2934 .
192 2915 375 2971 menda
399 2916 496 2950 eius
520 2915 622 2949 dixi.
671 2915 722 2969 9-4)
746 2913 810 2948 Pro
832 2914 914 2948 Mur.
937 2912 995 2948 22.
1051 2913 1102 2955 95)
1129 2911 1232 2946 Cod.:
1256 2884 1427 2956 pauci'm
1449 2910 1715 2953 impossunt.
1771 2908 1822 2957 933)
1849 2905 1952 2970 C⁰d2²
1977 2904 2133 2984 adam}
2152 2903 2210 2983 {iit

59 2974 149 3045 21:¹3³
148 2963 303 3044 ιᾞῗίἑ·
348 2962 402 3051 33³
410 2961 513 3042 (3ἳὲῗὲ
525 2960 679 3052 ‘513¹ss
684 2961 795 3041 :.th
805 2961 857 3041 3⁵3³
884 2955 1523 3049 ‘iramffissififffiaoetsstia.
1539 2960 1737 3044 3133?ss
1763 2950 2210 3043 cffdfzde‘tssi‘sssiegiuil

60 3056 111 3093 Cf.
134 3056 177 3091 ad
199 3066 233 3090 v.
248 3053 307 3090 85.
353 3055 389 3098 6)
414 3053 517 3089 Cod.:
541 3055 640 3088 iste.
686 3054 721 3096 7)
745 3052 850 3088 Cod.:
875 3052 1203 3097 desputatoria.
