2430 3177
1120 163 1383 184 M

166 241 467 283 incrementum,
493 232 537 278 id
558 238 651 287 est,
671 228 734 276 cui
759 233 930 287 luppiter
958 226 1146 286 maglinia·
1173 231 1336 274 dederit‘
1351 234 1661 281 incrementum,
1682 230 1766 272 hoe
1788 236 1858 272 estv
1879 236 2145 286 augmentum,
2163 236 2319 285 vautssq

167 297 449 336 incrementum
477 292 600 342 Iovis,
632 295 674 330 ut
704 292 744 330 in
773 302 979 330 numerum
1010 288 1178 345 deorum¹
1201 289 1425 344 accesserit.
1449 310 1506 323 ·—‹-
1536 285 1670 330 lovis,
1702 284 1898 340 degente
1926 289 2010 328 eius
2038 282 2322 330 incrementum¹

171 350 253 391 sive
282 349 503 390 hominibus
532 349 615 386 sive
643 345 728 385 diis,
1123 369 1127 374 -
1225 345 1257 375 -·¹=
1281 366 1287 373 -
1361 374 1364 377 .
1417 357 1433 376 ’-
1586 348 1606 378 Δ
1859 388 1861 391 ,
1948 346 1952 349 ’
2022 377 2027 381 .

300 405 367 444 Vs.
398 401 462 443 50.
529 399 748 448 Com-exo,
777 404 904 450 vecto,
934 398 1117 450 rotundo,
1148 403 1303 440 vexato.
1332 421 1386 429 —
1415 396 1666 441 Ναιαηιεηι,
1696 395 2109 451 exultantem-gaudio
2138 402 2207 438 aut
2235 404 2321 440 tre-

167 464 335 500 mentem
366 458 528 498 honore.
1413 472 1420 477 ‘
1480 456 1483 458 ’

300 514 365 552 Vs.
397 512 462 552 51.
525 509 715 554 Tractus,
745 509 999 559 latitudinem,
1031 509 1280 562 profundum,
1311 507 1525 549 excelsum.

298 569 364 607 Vs.
397 566 461 608 52.
519 564 749 604 Laetantur
777 569 824 603 ut
855 564 1012 614 omnim
1044 565 1210 605 laetatur
1238 563 1406 605 mundus
1437 564 1476 603 in
1507 562 1676 605 adventu
1705 567 1787 603 tuo.

301 623 367 663 Vs.
397 620 462 663 53.
525 620 563 659 O
592 620 692 671 milti
719 625 757 660 et
787 625 936 668 cetera,
977 617 1016 660 id
1045 624 1126 669 est,
1158 631 1181 660 o
1212 620 1245 660 si
1275 619 1368 660 mihi
1395 619 1497 659 vitae
1524 618 1691 670 spatium
1721 620 1828 657 esset
1856 614 2124 668 sufficienter,
2158 618 2228 668 [ut]
2258 622 2325 659 tua

171 679 249 720 fata
279 690 473 720 canerem.
506 693 556 706 b
599 675 732 719 Vitae,
763 687 840 727 quo
870 677 946 715 vita
977 674 1068 714 mihi
1097 675 1223 715 liceat.
1245 677 1301 722 ²⁶)
1526 672 1529 678 '
2115 695 2117 711 :

303 733 369 772 Vs.
400 732 464 772 55.
524 729 613 770 Nec
655 729 855 769 Thr-acius
899 728 1111 781 Orpheus,
1155 729 1204 769 de
1234 729 1420 777 Thracia,
1462 727 1658 780 Calliopae
1687 727 1822 767 Musae
1851 731 1890 766 et
1920 726 2064 781 Oeagri
2095 725 2221 778 filius,
2259 728 2325 780 qui

170 793 320 830 tantum
348 787 557 840 putabatur
585 786 732 827 cithara
760 786 948 837 potuisse,
979 790 1022 824 ut
1051 785 1098 824 ab
1127 784 1261 824 inferis
1281 784 1505 837 Eurydicen
1533 783 1741 836 coniugem
1771 786 1988 822 revocaret.
2020 782 2027 793 “·
2045 782 2144 822 Huic
2167 781 2326 834 orpheo

173 848 298 884 mater
327 842 534 894 Calliopea.
2115 870 2118 873 .
2231 843 2235 847 ·
2259 869 2261 871 ,
2285 846 2288 849 ’

305 898 372 937 Vs.
403 895 468 938 56.
526 895 616 935 Nec
648 894 788 933 Linus.
848 894 918 935 Hic
947 894 1087 935 dicitur
1113 895 1237 935 fuisse
1265 893 1456 946 Apollinis
1497 896 1535 932 et
1562 891 1748 933 Psamatis
1777 890 1901 941 filius,
1941 891 2084 931 Thebis
2122 891 2325 941 oriundus,

172 953 237 1006 qui
267 964 425 993 cursum
456 953 549 992 solis
580 952 772 1001 lunaeque
802 954 841 989 et
870 951 1043 989 omnium
1073 956 1282 1002 astrorum,
1313 949 1568 999 omniumque
1595 958 1728 986 rerum
1768 958 1924 986 carmen
1961 947 2118 998 scripsit
2146 947 2327 987 versibus

174 1020 253 1048 nou
281 1007 513 1047 iniucundiS.
537 1006 595 1054 ²⁷)
622 1028 676 1034 —
703 1003 842 1056 Atque
870 1004 980 1049 kuic,
1010 1005 1119 1045 Lino·
1606 1045 1609 1049 ,
1646 1029 1647 1033 =
1773 1007 1780 1012 “
2147 1025 2151 1030 ·

307 1063 372 1101 Vs.
402 1060 467 1102 59.
526 1059 621 1099 Pan
652 1061 772 1098 etiam
803 1057 1036 1104 Arcadiae,
1075 1060 1141 1100 ubi
1168 1059 1336 1098 maxime
1365 1057 1515 1098 colitur.
1534 1079 1601 1090 1-
1622 1053 1798 1103 Iudice„
1838 1055 2057 1106 iudicante,
2101 1067 2256 1097 mecum
2282 1064 2329 1099 se

173 1116 300 1158 iudice
330 1121 465 1165 certet,
496 1128 596 1166 quae
623 1116 748 1166 possit
779 1114 893 1153 etiam
924 1115 1051 1153 victor
1079 1114 1225 1152 favere.
2166 1117 2170 1121 ’
2206 1128 2223 1147 x

308 1172 374 1210 Vs.
401 1168 467 1211 60.
527 1168 672 1220 Incipe
700 1180 828 1220 parre
850 1181 958 1218 puer
997 1173 1035 1207 et
1063 1167 1212 1219 reliqua
1241 1177 1367 1217 usque
1396 1163 1528 1203 cubili
1556 1169 1628 1203 est.
1687 1164 1835 1204 Horum
1865 1177 2069 1215 versuum,
2109 1167 2185 1207 nisi
2214 1166 2328 1208 nimis

175 1227 279 1268 docti
300 1229 354 1273 ²⁸)
385 1224 622 1274 incederent,
649 1223 771 1264 facilis
802 1227 885 1263 erat
913 1223 1146 1263 intellectus.
1194 1220 1373 1260 Profecto
1405 1221 1507 1259 enim
1535 1219 1630 1259 nihil
1659 1219 1765 1258 aliud
1794 1219 1897 1267 dicit,
1929 1232 2046 1271 quam
2076 1220 2170 1260 hoc:
2201 1221 2330 1274 incipe

175 1294 271 1334 puer
298 1280 522 1332 parentibus
551 1278 746 1319 iucundus
778 1288 868 1317 esse
905 1282 944 1317 et
972 1278 1053 1317 risu
1067 1279 1543 1328 scognoscere-matrem,
1585 1273 1656 1313 sed
1685 1274 1831 1313 curiosi
1854 1276 1911 1322 2⁹)
1951 1273 2057 1313 aliud
2092 1279 2238 1326 putant.
2273 1295 2328 1312 -.—

178 1335 282 1375 Risu
313 1346 578 1387 coynoscere,
610 1334 793 1384 quoniam
822 1333 879 1372 sic
909 1331 1091 1371 videntur
1118 1330 1184 1370 filii
1211 1334 1392 1382 parentes
1423 1340 1518 1368 suos
1548 1330 1791 1381 agnoscere,
1810 1340 1898 1368 cum
1927 1328 2029 1368 ultro
2059 1329 2115 1369 eis
2142 1329 2329 1380 arrident,

176 1390 281 1444 quod
309 1395 399 1442 post
429 1389 773 1442 quadragesimum
803 1387 906 1427 diem
933 1386 1094 1436 faciunt,
1127 1386 1188 1425 sin
1207 1396 1300 1424 vero
1332 1388 1422 1424 ante
1441 1383 1785 1436 quadragesimum
1806 1382 1906 1423 diem
1932 1383 2127 1436 riserunt,
2146 1384 2328 1426 indicium

176 1446 312 1487 mortis
345 1450 417 1485 est.
920 1467 924 1470 »

310 1501 376 1539 Vs.
409 1498 474 1540 61.
532 1498 687 1538 Decem
716 1511 880 1542 menses,
913 1500 1003 1550 quia
1033 1509 1160 1538 mares
1191 1497 1230 1537 in
1261 1496 1412 1536 decimo
1432 1506 1567 1535 mense
1585 1498 1812 1543 nascuntur,
1844 1493 2014 1534 feminae
2032 1506 2126 1535 vero
2152 1495 2193 1535 in
2209 1506 2328 1537 nono.

310 1556 376 1595 Vs.
409 1552 473 1595 62.
537 1553 615 1593 Cui
644 1568 728 1592 non
756 1554 882 1592 risere
908 1557 1119 1604 parentes.
1176 1552 1347 1604 Iuppiter
1383 1552 1468 1590 sine
1497 1550 1708 1590 concubitu
1744 1549 1884 1589 dicitur
1913 1548 1963 1588 de
1991 1551 2116 1603 capite
2145 1561 2219 1590 suo
2249 1549 2327 1590 Mi-

176 1622 337 1652 nervam
368 1611 575 1663 genuisse,
616 1609 712 1649 Iuno
742 1609 959 1648 Vulcanum
991 1606 1193 1656 claudum,
1237 1607 1299 1647 cui
1333 1610 1491 1659 propter
1529 1603 1816 1644 deformitatem
1845 1604 2019 1653 abiecto,
2059 1616 2132 1644 nec
2161 1604 2331 1658 luppiter

176 1667 243 1715 illi,
274 1678 348 1705 nec
378 1665 473 1705 luno
503 1664 650 1713 adrisit,
682 1676 754 1704 nec
783 1664 905 1716 epulis
926 1665 981 1711 ³⁰)
1013 1675 1103 1702 eum
1133 1662 1304 1713 Iuppiter
1333 1660 1495 1711 accepit,
1526 1671 1600 1698 nee
1622 1659 1819 1698 Minervae
1849 1659 2094 1698 matrimonio
2124 1659 2330 1711 copulatus

179 1727 250 1762 est.
309 1720 497 1771 Loquitur
528 1724 657 1760 autem
687 1718 737 1758 ad
763 1717 964 1759 Salonium
993 1729 1179 1770 puerum,
1220 1728 1270 1755 ne
1305 1715 1338 1754 si
1367 1714 1594 1766 parentibus
1632 1725 1713 1753 non
1745 1712 1945 1762 adriserit,
1986 1713 2161 1754 Vulcano
2190 1714 2331 1754 similia

177 1777 357 1829 patiatur.
414 1774 602 1815 Putabant
631 1779 762 1814 autem
792 1785 842 1813 ex
871 1772 1093 1821 hominibus
1113 1774 1170 1820 31)
1210 1770 1361 1810 duabus
1393 1781 1443 1808 ex
1471 1769 1601 1808 causis
1632 1767 1728 1807 deos
1757 1766 1859 1807 fieri:
1898 1768 1932 1807 si
1962 1772 2029 1807 aut
2057 1780 2214 1809 mensas
2241 1781 2331 1809 cum

179 1831 251 1872 diis
290 1830 480 1880 habeant,
521 1833 588 1868 aut
615 1839 761 1870 uxores
801 1828 893 1868 deas
925 1828 1088 1876 ducant,
1120 1824 1224 1866 unde
1253 1827 1305 1866 ait
1332 1823 1479 1864 Aeolus
1510 1823 1669 1863 Iunoni:
1709 1822 1774 1862 Tu
1805 1822 1891 1862 das
1923 1823 2090 1875 epulis
2121 1836 2328 1864 accum-

178 1886 297 1926 bere
337 1885 513 1924 divum.
533 1886 588 1932 82)
669 1883 833 1924 Proinde
869 1883 1063 1923 nobilibus
1102 1882 1232 1933 pueris
1273 1879 1384 1919 editis
1422 1880 1461 1918 in
1497 1878 1595 1918 atrio
1635 1877 1774 1917 domus
1804 1877 1942 1917 Iunoni
1976 1878 2145 1918 Lucinae
2189 1878 2328 1929 lectus,

180 1940 337 1981 Herculi
365 1951 501 1981 mensa
531 1939 759 1991 ponebatur.
818 1938 908 1979 Sive
935 1937 1013 1976 hoc
1041 1937 1126 1977 vult
1154 1935 1305 1975 dicere:
1343 1934 1469 1986 incipe
1495 1945 1615 1986 parve
1643 1944 1740 1984 puer
1767 1932 1961 1972 iucundus
1991 1944 2082 1973 esse
2110 1937 2149 1973 et
2175 1945 2329 1987 agnos-

181 2008 270 2036 cere
299 1995 382 2034 risu
412 1999 594 2043 matrem,
627 1994 718 2045 quia
747 1994 813 2045 qui
843 1997 1022 2046 parentes
1053 2002 1148 2031 suos
1179 2002 1258 2031 non
1287 1988 1611 2038 laetificaverunt,
1644 1990 1747 2036 vitae
1775 1987 1946 2027 fructum
1974 1999 2054 2028 non
2083 1993 2329 2041 receperunt,

178 2051 217 2090 id
247 2054 318 2100 est,
349 2048 486 2089 vitales
514 2061 594 2089 non
622 2049 792 2088 fuerunt.
1287 2045 1290 2047 ’
1325 2072 1328 2073 ⁷
1418 2084 1422 2088 ,
2028 2078 2030 2080 ,
2169 2070 2172 2074 ,
2334 2089 2337 2091 ‚

317 2105 381 2144 Vs.
413 2100 476 2146 63.
533 2102 623 2142 Nec
651 2103 752 2141 deus
781 2102 890 2141 hunc
918 2114 1077 2154 mensa,
1117 2101 1198 2140 dea
1225 2113 1302 2139 nec
1330 2099 1509 2151 eliquata
1538 2096 1668 2136 cubili
1698 2101 1771 2135 est.
1838 2097 2011 2151 Iuppiter
2050 2103 2089 2139 et
2116 2097 2213 2138 Iuno
2242 2110 2331 2140 cum

182 2173 231 2200 cx
259 2159 510 2201 altercatione
539 2160 624 2198 sine
654 2160 756 2199 coitu
786 2157 884 2198 filios
915 2169 960 2198 se
987 2158 1132 2198 debere
1160 2157 1362 2208 suscipere
1390 2154 1614 2207 [putarent,]
1654 2152 1824 2204 luppiter
1859 2152 1908 2192 de
1946 2153 2072 2206 capite
2105 2151 2224 2193 edidit
2250 2152 2329 2194 Mi-

181 2227 353 2264 nervam,
383 2213 479 2254 Iuno
508 2214 722 2254 Vulcanum
753 2213 947 2253 claudum.
1005 2214 1075 2254 Hic
1105 2212 1378 2266 praecipitatus
1408 2208 1457 2248 de
1487 2208 1596 2247 caelo
1626 2208 1698 2248 arti
1728 2207 1856 2247 fabrili
1884 2220 2043 2260 operam
2073 2207 2199 2257 dedit,
2233 2207 2332 2249 feeit

182 2270 317 2309 sellam
346 2269 499 2319 miram,
525 2269 567 2308 in
595 2280 672 2320 qua
702 2280 791 2309 cum
821 2267 916 2308 Iuno
948 2268 1127 2316 sedisset,
1161 2266 1301 2306 dicitur
1330 2264 1519 2304 haesisse.
1579 2263 1690 2310 Quae
1713 2274 1801 2302 cum
1825 2267 1995 2316 rogaret,
2027 2267 2070 2303 ut
2096 2262 2329 2313 solveretur,

182 2324 247 2363 ille
276 2325 380 2375 petit,
411 2329 454 2365 ut
482 2335 577 2364 suos
607 2329 788 2376 parentes
819 2322 1068 2362 ostendisset.
1087 2324 1144 2370 ³³)
1202 2320 1402 2360 Adrisisse
1428 2317 1568 2358 dicitur
1596 2316 1704 2366 Iuno,
1734 2317 1840 2357 unde
1874 2317 1939 2357 ille
1968 2322 2130 2358 matrem
2160 2318 2330 2371 agnovit.

184 2376 274 2416 Nec
304 2378 400 2416 deus
433 2384 471 2418 et
497 2379 658 2430 reliqua.
715 2378 762 2417 Hi
791 2383 902 2427 sunt,
943 2378 1009 2428 qui
1037 2381 1218 2430 parentes
1247 2385 1343 2414 suos
1372 2384 1452 2413 non
1480 2371 1807 2422 laetificaverunt,
1846 2373 2026 2423 vitaeque
2052 2372 2224 2412 fructum
2252 2384 2332 2413 non

185 2436 391 2486 ceperunt,
420 2433 497 2473 hoc
529 2438 600 2482 est,
631 2433 671 2472 hi
701 2433 798 2473 tales
828 2444 907 2472 non
935 2431 1094 2472 fuerunt
1132 2435 1317 2482 tanquam
1347 2427 1464 2477 deoS,
1496 2427 1563 2478 qui
1591 2426 1714 2479 epulis
1745 2431 1783 2466 et
1811 2427 2015 2466 connubiis
2045 2428 2229 2479 praesint,
2259 2427 2331 2467 sed

185 2488 224 2528 hi
254 2493 434 2540 parentes
464 2499 560 2527 suos
591 2487 800 2541 adfligunt,
832 2487 938 2539 quod
967 2487 1141 2526 Vulcano
1171 2485 1317 2535 factum
1346 2487 1406 2522 est
1416 2495 1427 2532 3
1458 2493 1536 2521 non
1568 2482 1668 2520 enim
1697 2481 1894 2521 Minervae
1924 2482 2328 2534 matrimonio'copm

184 2543 284 2582 latus
314 2546 385 2581 est.
442 2539 532 2579 Nec
563 2542 686 2594 deus,
722 2542 914 2595 Iuppiter,
954 2544 1044 2593 quia
1081 2541 1130 2581 de
1167 2538 1347 2591 convivio
1387 2549 1475 2577 eum
1514 2536 1649 2587 trusit,
1685 2537 1748 2576 vel
1776 2536 1963 2576 Hercules
2002 2536 2051 2576 de
2079 2547 2213 2577 mensa
2244 2548 2329 2579 sua.

186 2597 269 2636 Hoc
300 2597 509 2649 allegorice
537 2596 587 2635 ad
616 2597 814 2637 Salonium
842 2596 1033 2646 refertur,
1074 2595 1186 2647 quasi
1213 2595 1253 2633 in
1281 2592 1458 2633 convivio
1489 2590 1652 2631 deorum
1681 2603 1760 2631 non
1790 2596 1908 2641 esset,
1941 2602 2031 2630 cum
2061 2591 2137 2631 cito
2166 2591 2328 2642 obisset,

186 2651 361 2691 nonnulli
390 2650 438 2690 ad
471 2650 678 2690 Christum.
737 2649 826 2689 Nec
855 2651 976 2698 deus,
1007 2651 1097 2703 quia
1126 2649 1249 2703 epulis
1277 2652 1316 2688 et
1345 2646 1548 2687 connubiis
1579 2646 1675 2686 deos
1696 2657 1889 2699 ‚praeesse
1917 2650 2164 2697 putaverunt.
2221 2643 2327 2690 Dea,

185 2705 369 2800 i1¹1inerval,
399 2705 496 2746 Iuno
525 2705 588 2746 vel
615 2705 759 2755 Venus,
792 2707 881 2757 quia
911 2707 1063 2759 nuptias
1092 2704 1256 2745 Veneris
1284 2703 1466 2755 petierat,
1498 2700 1569 2741 sed
1598 2701 1646 2741 ab
1675 2700 1739 2741 illa
1769 2704 2012 2753 contemptus
2042 2700 2329 2742 est.Vuleanus

214 2760 348 2801 istoria
365 2761 447 2800 iter.

2086 2826 2118 2849 ⁴³1
2154 2830 2159 2849 i
2195 2828 2308 2850 11¹1s.

319 2965 369 3006 25)
395 2962 673 2999 Codx'autem.
712 2962 771 3003 ’26)
797 2960 899 2995 Cod.':
919 2954 1104 3004 liqueat.
1128 2964 1130 2967 ’
1153 2952 1274 2993 Cf.'²vs.
1291 2955 1347 2990 326.
1373 2955 1448 2989 adn.
1468 2954 1521 2989 15.
1566 2955 1621 2997 27)
1646 2954 1775 2988 Codex:
1801 2953 2066 2987 infecundi-¹⁸.
2123 2953 2175 2994 28)
2199 2951 2327 2986 codex:

194 3010 443 3050 doctossw)
470 3009 600 3043 Codex:
627 3002 782 3040 c'u'rios.
830 3007 882 3048 3⁰)
908 2998 1039 3040 Go‘dex‘:
1063 3005 1226 3048 epulas:
1256 3004 1324 3045 ’31)
1350 3000 1485 3036 Oodex:
1510 3011 1557 3034 ex
1582 3000 1792 3034 omnibus.
1840 2995 2161 3041 32J·Aene‘id.·1579.
2199 2997 2330 3040 &Jfflie

193 3059 224 3089 in
252 3057 337 3098 cod„
363 3067 427 3088 non
453 3054 721 3088 ostenderet.
770 3052 819 3086 Cf.
844 3052 914 3085 Ecl.
943 3052 978 3093 ll,
1005 3062 1052 3084 vs.
1071 3050 1125 3085 70.
1151 3051 1226 3084 adn.
1245 3049 1299 3084 39.
2072 3070 2075 3074 -
2117 3063 2120 3067 ⁴
2174 3062 2197 3075 ν.
2217 3054 2281 3079 ε-ἰνι
