2430 3177
1228 96 1293 145 12

193 229 303 282 elops
332 228 591 282 Polyphemus
621 227 835 278 adamavit,
876 239 977 279 quae
1005 226 1218 280 allegorice
1246 227 1442 268 Mantuam
1471 225 1686 281 significat,
1715 227 1780 268 vel
1807 227 2068 280 Polyphemus
2098 239 2185 268 eam
2213 232 2331 269 vocat

191 285 453 326 historialiter.
476 306 528 312 --
552 283 652 327 Quis
683 286 744 320 est
772 295 864 320 nam
894 281 1017 320 ludus
1048 283 1092 320 in
1121 282 1243 320 unciis
1264 285 1321 331 2ὅ)
1353 262 1530 323 diversa?
1561 283 1609 323 Et
1636 282 1714 322 hoc
1741 284 1781 323 in
1800 282 1991 323 honoiem
2013 283 2196 323 Mantuae
2225 282 2329 323 dicit.

327 340 392 379 Vs.
423 337 487 378 40
547 336 634 374 Hic
665 350 731 375 cer
760 342 799 377 et
826 337 985 388 reliqua
1044 335 1221 390 Ingentia
1252 349 1414 378 munera
1441 338 1640 390 promittit.
1662 361 1717 366 —
1745 335 2019 389 Purpureum,
2048 337 2206 379 florens.
2244 335 2332 376 Hic
2399 369 2430 388 ἡ,

189 395 359 448 flumina
383 394 547 431 cea-enm.
604 392 675 431 Hic
706 392 948 445 hyperbaton
977 393 1239 444 anastrophae
1269 397 1342 433 est.
1374 415 1426 420 —

277 478 280 482 .
330 449 394 487 Vs
426 446 491 487 41.
550 446 665 485 Hinc
696 447 880 485 eandida
907 445 1094 498 populus
1125 452 1262 492 ana-,o
1293 447 1475 488 adiuncta
1503 447 1671 496 Mincio,
1689 451 1732 487 ut
1761 447 1942 501 populus.
1973 468 2027 477 —

327 503 393 542 Vs.
423 500 488 542 42.
547 500 718 546 Lentae,
748 502 953 542 flexibiles.
2020 520 2025 527 1

325 558 392 597 Vs.
422 555 488 598 43.
547 555 644 595 Hae
674 557 795 605 ades,
835 570 857 597 o
890 557 1062 597 Galatea.
1119 556 1281 610 Insani,
1320 556 1468 610 rapidi,
1507 558 1651 612 magni.
1679 577 1739 589 -·
1772 555 1897 605 Sine,
1925 556 2176 609 imperative,
2205 553 2246 596 id
2276 559 2339 596 est

193 614 278 655 sine
304 613 434 653 locum
466 617 588 660 tuum,
618 613 679 651 vel
708 613 794 652 sine
822 612 886 651 hic
916 623 1017 651 esse.
1049 635 1102 641 —-—

324 668 389 707 Vs.
421 666 487 707 44.
551 643 686 718 Q'ual,
724 667 763 706 id
793 671 853 706 est
892 671 930 706 et
960 672 1089 706 cetera
1120 667 1304 718 carmina,
1335 667 1414 707 hoc
1443 671 1504 706 est
1532 668 1618 707 sive
1647 667 1697 708 ob
1727 667 1925 708 interitum
1956 665 2144 718 Salonini,
2172 664 2257 706 sive
2285 663 2337 706 ob

191 723 381 765 iacturam
401 726 456 771 ²⁷)
487 723 627 763 civium
659 728 827 762 tuorum.
857 744 910 750 ——
940 719 1070 766 Pura,
1101 722 1318 774 splendida,
1352 721 1517 763 candida
1537 724 1602 771 2Β).

326 801 391 839 Vs.
422 797 489 839 46.
547 797 736 850 Daphni,
767 799 985 848 vocatixu,s
1017 811 1041 838 o
1073 798 1229 839 Caesar.
1287 800 1368 839 Hos
1400 810 1557 850 quoque
1586 799 1758 850 quinque
1778 810 1916 839 versus
1938 798 2070 838 Gallus
2102 810 2151 838 ex
2170 807 2342 850 persona

193 856 343 908 Virgilii
373 855 498 904 canit,
539 855 640 895 sicut
671 854 772 894 alios
802 856 966 906 priores.
1009 875 1060 881 —
1102 852 1300 904 Daphni,
1342 854 1445 906 quid
1474 854 1668 906 antiquos
1696 858 1734 893 et
1762 854 1925 904 reliqua.
1984 854 2054 893 Hic
2084 863 2225 893 sensus
2257 856 2339 892 est:

192 910 226 952 Ο
258 911 415 957 Caesar,
438 908 541 961 .quid
571 911 727 960 antiqua
756 921 880 960 regna
894 911 949 955 ²⁹)
983 908 1224 959 consideras,
1258 910 1347 961 quia
1377 909 1508 948 nullus
1539 909 1607 949 tibi
1637 909 1937 961 comparabitur.
2000 907 2206 959 Suspicis,
2237 918 2340 947 con·-

193 965 357 1014 sideras,
388 965 427 1004 id
457 970 517 1004 est
547 976 706 1004 sursum
737 963 906 1036 adspicis
928 965 1000 1011 ³⁰).
1032 986 1086 991 —

326 1020 393 1059 Vs.
424 1017 491 1059 47.
550 1017 756 1062 Dionaei,
773 1032 818 1059 a
848 1018 996 1068 Dione,
1035 1018 1199 1058 Veneris
1229 1017 1328 1068 filia,
1368 1030 1419 1058 ex
1448 1021 1524 1069 'qua
1555 1016 1703 1058 Caesar
1738 1018 1929 1071 originem
1961 1017 2108 1058 ducere
2136 1016 2340 1071 gloriaba-

192 1081 255 1116 tur
274 1077 344 1123 3’).
384 1097 440 1103 ——
478 1071 716 1117 Processit,
756 1074 958 1137 imperare
986 1049 1129 1125 ’coepit
1196 1070 1363 1112 Astram
1398 1073 1618 1124 processit.
1677 1073 1749 1112 Hic
1778 1074 2032 1126 astrologiam
2063 1073 2209 1125 tangit,
2250 1071 2342 1123 quia

194 1130 387 1184 quaedam
427 1134 531 1170 astra
571 1142 659 1171 cum
695 1130 808 1182 regni
837 1128 1028 1181 principio
1059 1128 1261 1180 oriuntur,
1302 1133 1345 1168 ut
1375 1128 1510 1168 dicunt
1540 1128 1742 1182 astrologi.
1799 1127 1988 1172 Astrmn,
2028 1139 2220 1180 regnum,
2259 1128 2341 1168 im-

223 1187 357 1226 erium.
390 1207 442 1212 —

197 1200 218 1240 p
328 1241 394 1280 Vs.
424 1237 488 1288 48.
551 1236 740 1277 Caesaris
771 1242 948 1289 astrum,
989 1242 1161 1282 astrum,
1202 1251 1283 1290 qao
1313 1242 1484 1289 seyetes.
1552 1238 1624 1278 Hic
1663 1236 1902 1288 anadiplosis
1935 1241 2006 1276 est.
2065 1234 2232 1275 Astrum
2271 1234 2343 1277 Gai

197 1295 398 1345 Caesaris,
441 1294 507 1345 qui
535 1294 758 1333 instituerat
786 1293 971 1332 heredem
1001 1294 1164 1344 imperii.
1227 1292 1421 1344 Seyetes,
1452 1304 1556 1334 arva.
1631 1290 1872 1330 Gauderent
1910 1290 2128 1344 frzzyibus,
2167 1294 2340 1344 turgent,

195 1355 370 1392 maturae
400 1349 505 1388 fiunt.
535 1371 588 1377 —
623 1347 714 1392 Quo
744 1360 786 1385 se
787 1352 901 1400 Jetes
929 1348 1161 1400 yauderent
1187 1347 1382 1400 frayibus
1413 1352 1452 1388 et
1477 1348 1639 1400 reliqua.
1696 1347 1877 1400 Regnum
1907 1347 2087 1389 Caesaris
2116 1346 2273 1400 laudat,
2302 1345 2343 1386 in
2408 1352 2411 1354 ’

196 1417 273 1458 quo
305 1406 433 1446 omnia
462 1404 565 1445 bona
595 1403 726 1443 futura
756 1404 845 1443 sint.

329 1460 396 1499 Vs.
427 1457 493 1499 49.
554 1456 750 1509 Duceret,
780 1459 988 1510 acciperet.
1020 1479 1074 1486 —-
1102 1455 1288 1522 Apricis,
1320 1456 1493 1497 calidiS.
1500 1479 1554 1487 —

328 1515 397 1555 Vs.
428 1514 492 1554 50.
551 1511 740 1564 Daphni,
773 1525 795 1553 o
827 1513 984 1554 Caesar.
1042 1511 1182 1551 Insere
1209 1514 1330 1564 piros
1362 1518 1400 1552 et
1429 1512 1592 1564 reliqua.
1625 1511 1738 1553 Nunc
1768 1510 1978 1553 Caesarem
2007 1515 2142 1552 monet
2171 1509 2221 1550 de
2240 1512 2343 1551 statu

195 1570 322 1624 regni,
352 1569 543 1619 indicans,
575 1568 679 1619 quod
709 1569 916 1620 nepotibus
945 1567 1136 1622 proficiet,
1167 1569 1230 1608 vel
1259 1569 1476 1621 longaevus
1507 1568 1597 1617 eris,
1628 1572 1670 1608 ut
1699 1566 1834 1608 videas
1863 1571 2027 1621 nepotes
2057 1571 2161 1606 tuos.
2179 1587 2234 1595 -—-

330 1645 403 1686 V.s
433 1644 499 1686 51.
563 1643 712 1683 Omnia
737 1646 836 1695 fert.
893 1645 1037 1684 Haeret
1064 1646 1186 1686 verbo
1216 1645 1409 1697 Lycidae.
1450 1646 1592 1696 incipe
1630 1644 1668 1681 si
1706 1644 1809 1695 qaid
1838 1642 1983 1688 habes,
2026 1649 2065 1683 et
2093 1655 2199 1684 nunc
2237 1641 2343 1692 dicit,

199 1714 243 1743 se
281 1713 361 1742 non
399 1712 520 1754 posse
558 1704 718 1741 cantare
754 1703 912 1753 propter
949 1700 1144 1738 inminens
1165 1701 1223 1748 ³²)
1261 1700 1489 1751 periculum.
1530 1722 1586 1728 —
1623 1699 1695 1738 Hic
1733 1703 1848 1736 aetas
1885 1701 2082 1761 iuventus.
2154 1695 2343 1736 Animum

198 1757 354 1798 fortem.
388 1779 436 1784 —

332 1811 398 1851 Vs
431 1809 497 1851 52.
560 1807 780 1848 Cantando
812 1808 996 1848 carmina.
1054 1807 1255 1852 Puerum,
1295 1808 1510 1860 Daphnim,
1550 1807 1590 1848 id
1620 1813 1680 1848 est
1718 1808 1940 1848 Caesarem.
1979 1830 2032 1836 —-
2073 1805 2248 1845 Memini
2284 1819 2346 1846 me

203 1867 380 1906 condere
409 1864 531 1909 soles,
589 1869 672 1905 tota
701 1864 763 1903 die
793 1863 994 1903 canebam.
1053 1862 1224 1915 Lonyos
1255 1863 1433 1901 condere
1461 1862 1591 1907 soles,
1623 1862 1706 1903 dies
1736 1862 1848 1903 finire
1876 1874 2042 1916 magnos
2061 1860 2123 1910 ἐξ).

333 1944 399 1983 VS.
431 1941 494 1984 53.
553 1940 678 1979 Nunc
717 1939 852 1979 oblita
888 1940 988 1978 mile-i
1025 1944 1091 1979 tot
1131 1941 1334 1988 earmina,
1370 1940 1612 1991 inpossibilia
1642 1944 1734 1980 sunt
1771 1952 1841 1993 pro
1870 1940 1982 1993 gravi
2019 1938 2194 1993 periculo
2222 1938 2345 1980 inmi-

200 2001 309 2040 nenti
327 2001 398 2047 33).
423 2019 480 2027 —
518 1996 612 2036 Vox
642 2009 805 2049 quoque
835 2001 872 2036 et
897 1997 1060 2047 reliqua.
1118 1996 1190 2036 Hic
1219 1996 1406 2035 rusticam
1435 1995 1606 2035 fabulam
1635 1997 1783 2048 tangit,
1824 1996 1913 2047 quia
1943 2007 2020 2034 vox
2058 1994 2226 2046 pastoris
2265 1993 2345 2034 ob-

202 2055 350 2105 ruitur,
391 2054 424 2094 si
455 2054 561 2105 prius
591 2065 680 2092 eum
708 2052 824 2104 lupus
854 2051 1011 2103 viderit,
1052 2063 1170 2104 quam
1197 2051 1263 2091 ille
1290 2050 1448 2103 lupum;
1488 2062 1536 2091 ac
1565 2050 1599 2091 si
1628 2050 1731 2091 dicat
1749 2052 1832 2102 ⁸²),
1870 2062 1950 2090 non
1978 2062 2141 2102 possum
2171 2053 2344 2100 cantare,

204 2110 295 2162 quia
325 2121 387 2148 me
415 2112 668 2160 tempestates
699 2107 880 2146 obruunt.
913 2129 964 2134 —

335 2165 401 2204 Vs.
431 2163 496 2203 55.
559 2161 645 2201 Sed
673 2165 807 2199 tamen
838 2162 919 2199 ista
947 2161 1061 2200 satis.
1117 2160 1252 2200 Refert
1282 2159 1493 2222 allegorice
1519 2158 1618 2200 haec
1647 2160 1832 2212 pericula,
1862 2159 1925 2200 vel
1953 2171 2056 2212 quae
2074 2159 2224 2212 possim
2243 2169 2345 2200 can-

206 2224 298 2259 tare.
331 2243 384 2248 —-
419 2217 527 2262 Tibi,
557 2217 713 2270 Lycida.
773 2215 1004 2268 Menalcas,
1033 2217 1117 2256 sive
1144 2216 1343 2269 Virgilius,
1373 2215 1459 2255 sive
1487 2215 1635 2255 amicus
1666 2215 1764 2254 eius.
1793 2237 1848 2245 --

317 2297 383 2337 Vs.
412 2294 477 2337 56.
541 2293 786 2347 Causando,
826 2305 967 2334 causas
1005 2293 1182 2334 dive1sas
1217 2291 1424 2332 nectendo.
1453 2314 1509 2320 -
1547 2289 1597 2328 In
1635 2291 1827 2344 longum,
1865 2303 1937 2345 per
1967 2291 2141 2344 longum.
2210 2288 2346 2329 Ducis
2412 2296 2418 2301 ’

209 2365 377 2403 amores,
406 2363 568 2392 recusas
600 2356 756 2390 cantare
775 2351 846 2397 ⁸⁵).

341 2408 406 2447 Vs.
438 2406 502 2447 57.
563 2405 624 2444 Et
652 2417 762 2443 nune
792 2416 907 2442 omne
933 2402 1013 2442 tibi
1044 2407 1082 2443 et
1108 2403 1270 2454 reliqua.
1335 2401 1447 2442 Nunc
1470 2400 1588 2440 obicit
1615 2401 1828 2441 suavitates
1858 2401 2065 2453 plurimaS,
2103 2412 2175 2454 pro
2203 2400 2345 2453 quibus

210 2466 367 2502 cantare
396 2462 547 2512 debeat,
579 2465 616 2501 et
646 2460 738 2499 dicit
767 2460 896 2499 omnia
925 2459 1027 2499 velle
1055 2458 1203 2498 audire.
1234 2480 1286 2485 —-
1319 2455 1505 2494 Stratum
1525 2455 1603 2507 ³⁶),
1635 2456 1821 2508 quietum.
1849 2478 1906 2484 -—
2021 2479 2025 2480 ν

341 2516 406 2556 Vs.
439 2515 503 2556 59.
562 2515 706 2554 Media
737 2514 785 2554 ad
817 2514 966 2554 urbem.
998 2536 1050 2542 --

343 2571 408 2610 Vs.
441 2570 504 2611 60.
564 2570 778 2608 Bianoris.
837 2569 980 2610 Bianor
1018 2568 1119 2608 filius
1149 2567 1267 2607 Tusci
1287 2568 1367 2616 ³⁷),
1407 2566 1473 2617 qui
1514 2569 1553 2604 et
1578 2564 1664 2616 ipse
1690 2563 1886 2605 Mantuam
1916 2563 2110 2615 condidit,
2148 2564 2278 2605 animo
2306 2567 2348 2605 et

212 2638 378 2679 corpore
406 2625 640 2665 fortissimus
670 2623 843 2678 agricola
853 2636 865 2674 ;
894 2624 986 2664 inde
1014 2623 1156 2665 Bianor
1184 2621 1309 2663 dictus
1339 2625 1412 2672 est,
1443 2619 1512 2661 sed
1542 2624 1681 2672 postea
1709 2619 1806 2660 deus
1827 2623 1931 2670 erat3
1960 2619 2038 2660 hoc
2065 2623 2126 2660 est
2152 2618 2346 2661 forsitan:

145 2715 161 2725 .
213 2682 370 2725 adiuvet
399 2684 632 2721 cantantem.

347 2855 398 2896 ²6)
423 2852 524 2887 Cod.:
550 2863 641 2886 nam
666 2863 863 2897 magnus.
897 2852 1041 2887 Ludus
1069 2853 1297 2887 cantani-is
1323 2852 1517 2886 diversa.
1550 2851 1602 2892 2⁷)
1629 2849 1730 2885 Cod.:
1756 2851 1979 2884 iecturam.
2013 2848 2066 2890 28)
2083 2847 2186 2883 Cod.:
2211 2848 2347 2883 canda.

215 2901 266 2942 29)
292 2901 373 2934 Num
397 2902 527 2944 signa
554 2898 695 2932 scribere
719 2898 845 2931 volui?
892 2900 942 2940 3ο)
968 2899 1069 2933 Cod.:
1096 2899 1248 2932 Susum
1273 2899 1458 2941 aspicis.
1506 2897 1556 2939 31)
1575 2896 1676 2930 Cod.:
1703 2895 1996 2940 gloriebatur.
2031 2895 2082 2936 32)
2108 2894 2208 2929 Cod.:
2233 2896 2347 2929 emi·

215 2957 332 2979 nens.
380 2947 414 2987 *)
440 2945 541 2980 Cod.:
569 2955 756 2988 magnus.
802 2945 869 2986 33)
878 2944 983 2978 Cod.:
1009 2946 1236 2978 eminenti.
1283 2945 1334 2986 34)
1361 2943 1464 2977 Cod.:
1489 2942 1568 2977 hac
1592 2944 1628 2977 si
1653 2943 1751 2977 dici.
1797 2941 1848 2984 35)
1865 2941 1968 2976 Cod.:
1995 2950 2140 2975 amore
2162 2949 2346 2976 recusas

218 2997 429 3026 cantaret.
475 2992 526 3034 36)
553 2990 655 3025 Cod.:
679 2995 904 3025 stractum.
951 2991 1003 3033 3⁴1)
1029 2990 1129 3025 Cod:
1156 2991 1275 3025 tuovi
1299 2989 1351 3025 vel
1375 2989 1500 3024 tucci.
