2430 3177
1183 109 1251 158 30

1083 179 1346 197 sm

122 247 177 299 [a]
206 244 338 285 Fauno
371 248 549 296 pastore,
591 243 655 294 qui
688 248 726 282 et
755 243 875 292 deus,
903 242 1020 283 dicti.
1079 257 1280 284 necamus
1309 244 1424 284 dicit:
1463 243 1584 285 Fauni
1614 257 1637 284 a
1662 243 1782 285 fando
1811 244 1923 297 dicti,
1955 246 2073 288 Sileni
2101 249 2128 286 a'
2153 246 2285 288 Sileno

122 306 258 356 poeta,
291 300 420 351 Satyri
450 311 471 338 a
494 299 634 350 Satyro
664 303 835 349 pastore,
868 299 1007 350 hisque
1036 300 1217 340 omnibus
1246 300 1345 341 haec
1375 300 1512 353 ecloga
1543 299 1788 340 modulabilis
1819 305 1890 351 est,
1922 303 2011 354 quia
2041 301 2092 341 de
2120 302 2286 342 mirabi-

122 358 225 397 libus
256 355 386 394 divum
415 366 578 394 suorum
609 359 646 394 et
669 357 703 399 ¹)
738 354 898 394 dearum
929 355 1184 394 sacramentis
1222 355 1406 406 loquitur.
1446 377 1500 384 —-
1538 354 1581 394 In
1610 355 1685 396 hac
1720 355 1858 408 ecloga
1899 356 2157 407 ostenditur,-
2180 356 2287 408 quod

124 413 248 464 primo
279 410 461 462 Virgilius
493 408 690 448 Aeneidos
720 420 936 462 aggressus
969 414 1029 449 est
1067 411 1254 459 scribere,
1286 410 1356 449 sed
1375 409 1545 463 Augusti
1575 415 1716 462 rogatu
1741 410 1975 464 humillima,
1996 413 2021 452 i.
2043 424 2077 451 e.
2107 411 2288 452 bucolica

126 465 370 517 conscripsit,
402 469 443 502 ut
473 467 553 503 est:
585 475 692 502 cum
723 476 962 504 canerem
991 476 1142 518 reges
1173 470 1212 505 et
1241 465 1403 516 reliqua.
1460 465 1535 504 Alii
1557 465 1701 514 dicunt,
1732 465 1834 504 hanc
1855 466 2032 520 eclogam
2056 467 2287 519 principium

127 533 215 561 esse
245 520 526 562 bucolicorum.
587 518 692 558 Haec
723 519 860 572 ecloga
891 531 971 559 non
1000 521 1157 572 proprie
1185 520 1393 561 bucolicon
1422 520 1575 560 dicitur.
1643 521 1748 561 Haec
1779 520 1918 573 ecloga
1948 523 2060 573 quasi
2088 522 2127 560 in
2157 522 2287 567 Sicilia

127 576 290 623 canitur,
323 578 365 614 ut
394 574 555 625 prima
586 574 867 626 Syracusio
897 579 934 614 et
963 575 1126 626 reliqua,
1159 580 1197 614 et
1225 576 1264 614 in
1295 576 1392 615 urbe
1421 576 1584 616 canitur.
1642 576 1681 614 ln
1703 575 1775 616 hac
1796 576 1934 629 ecloga
1963 577 2147 629 Virgilius
2179 577 2285 618 Sile-

125 642 217 670 num
251 628 371 682 fingit,
404 629 494 679 quia
526 629 688 669 canebat
719 629 928 670 Chromem
958 634 996 669 et
1025 630 1283 682 Menasyluin,
1316 630 1527 671 Pollionem
1557 635 1595 670 et
1619 631 1765 670 Varum
1795 635 1833 670 et
1863 631 2009 679 Sillam,
2031 635 2068 679 ²)
2099 631 2162 671 vel
2183 631 2287 671 Cor-

126 685 271 724 nelium
302 689 340 724 et
368 683 560 733 Tuccam,
591 685 657 735 qui
687 686 857 725 vinctum
889 686 1002 737 quasi
1032 686 1250 737 postulant,
1289 685 1471 726 efficiunt.
1502 707 1553 714 ——
1590 685 1812 726 Faunorum
1843 692 1880 726 et
1909 687 2080 738 reliqua,
2117 687 2209 737 quia
2239 686 2289 726 de

128 740 200 780 diis
233 738 336 785 dicit,
368 750 467 790 quos
496 738 556 778 his
586 739 808 780 nominibus
837 752 908 791 pro
937 740 1175 781 inhabitabili
1204 741 1391 792 qualitate
1419 741 1480 780 vel
1509 740 1663 780 feritate
1692 741 1738 781 ab
1767 740 1989 781 hominibus
2020 741 2223 782 deiunctos
2247 743 2287 789 ³)

128 799 255 836 vocat.
311 793 552 844 Faunorum,
592 795 749 846 antiqua
779 807 924 847 genera
954 800 1156 846 pastorum
1184 797 1225 836 in
1253 796 1384 847 Italia,
1420 795 1460 835 id
1481 800 1541 835 est
1570 796 1819 847 antiquorum
1850 796 2081 837 Sicanorum
2116 796 2288 847 nomina,

128 850 192 889 vel
221 849 318 889 socii
346 848 527 889 Pollionis
558 853 596 888 et
625 850 727 899 Vari,
760 850 825 901 qui
854 850 1075 890 bucolicum
1095 853 1134 898 4)
1167 851 1476 902 postulaverunt.

263 904 328 943 Vs.
361 903 398 944 1.
456 902 609 943 Prima.
670 904 755 944 Non
775 907 813 952 ⁵)
846 907 936 955 quia
965 906 1113 957 primus
1134 905 1312 946 bucolica
1331 906 1465 945 Latina
1487 905 1699 957 scripserit,
1731 905 1801 945 sed
1829 905 1907 945 hoc
1937 907 2010 954 ait;
2038 906 2162 958 prima
2191 904 2291 945 haec

130 971 192 998 me
222 958 341 999 voluit
370 958 459 998 talia
489 959 762 1009 conscribere,
803 971 896 999 mox
925 963 964 999 et
992 960 1066 1001 alia
1094 959 1312 1010 facturum,
1353 961 1416 1000 vel
1445 960 1652 1000 laudative.
1683 983 1737 988 —
1767 958 1923 1003 {Prima
1958 961 1981 999 i.
2001 973 2033 999 e.
2064 961 2304 1012 principalia(

129 1014 240 1064 ideo,
281 1014 609 1067 quia‘Syracosio
639 1024 757 1053 versu
787 1015 1031 1065 scribuntur,
1073 1016 1140 1066 qui
1178 1026 1316 1055 versus
1354 1016 1575 1067 praecellit,
1617 1016 1707 1066 quia
1742 1015 1974 1055 Theocritus
2016 1016 2291 1068 Syracusanus

130 1068 214 1118 fuit,
248 1070 313 1120 qui
335 1069 543 1121 primatum
573 1068 738 1109 obtinuit
767 1069 871 1121 apud
899 1069 1111 1111 Romanos.
1145 1093 1194 1098 —-
1231 1069 1462 1121 Syracusio
1489 1082 1560 1122 pro
1591 1070 1852 1122 Syracusano,
1884 1071 2083 1123 proprium
2111 1081 2183 1122 pro
2213 1082 2290 1122 ap-

130 1124 310 1176 pellativo
342 1124 489 1175 posuit3
521 1123 719 1174 Syracuse
749 1129 880 1163 autem
910 1123 1042 1164 debuit
1071 1124 1202 1163 dicere
1222 1138 1243 1163 a
1264 1125 1483 1174 Syracusis,
1515 1125 1669 1164 civitate
1689 1126 1853 1173 Siciliae,
1886 1126 1956 1166 sed
1983 1126 2138 1178 poetice
2166 1124 2293 1178 figura

132 1190 228 1218 usus
261 1178 471 1229 Syracusio
503 1177 607 1217 dixit.
668 1175 860 1229 Diynata
890 1182 964 1229 est,
994 1178 1112 1231 digno
1145 1184 1184 1218 et
1207 1179 1360 1231 dignor.
1382 1182 1434 1209 ⁴—-
1455 1176 1631 1230 Ludere,
1662 1179 1861 1232 eleganter
1888 1182 1940 1220 ait
1970 1180 2106 1220 ludere
2133 1191 2293 1221 carmen

131 1233 343 1274 iucundum
374 1237 412 1271 et
441 1233 648 1271 remissum
679 1237 717 1271 et
746 1233 902 1271 minime
933 1234 1043 1272 triste
1073 1233 1313 1273 describens.
1909 1265 1912 1270 .

266 1289 331 1326 Vs.
363 1286 400 1327 2.
458 1285 632 1337 Nostra,
661 1288 685 1326 i.
705 1299 736 1326 e.
766 1287 870 1337 ltala,
902 1287 1088 1326 Romana.
1122 1311 1172 1316 --
1203 1286 1363 1325 Nostra
1385 1286 1524 1337 Musa,
1553 1298 1723 1338 namque
1750 1292 1954 1338 poetarum
1986 1289 2087 1339 [est].
2145 1286 2292 1341 Neque

135 1342 309 1391 erubuit
326 1341 449 1380 silvas
479 1340 694 1393 habitare,
734 1341 774 1381 id
803 1347 863 1381 est
900 1342 1079 1383 bucolica
1109 1343 1294 1383 scribere.
1322 1363 1377 1371 -
1412 1340 1585 1393 Thalia,
1624 1353 1767 1381 nomen
1804 1343 2004 1394 proprium
2031 1342 2190 1395 Musae,
2230 1344 2294 1385 vel

134 1399 244 1439 Musa
273 1397 474 1437 silvestris.

268 1453 334 1492 Vs.
364 1450 400 1493 3.
464 1449 563 1491 Cum
593 1464 776 1491 canerem
800 1456 843 1491 et
872 1452 1033 1504 reliqua,
1063 1452 1140 1492 hoc
1170 1457 1232 1492 est
1261 1465 1349 1494 cum
1380 1464 1525 1492 canere
1551 1451 1711 1502 vellem,
1742 1456 1784 1491 ut
1813 1451 1886 1492 ibi:
1918 1457 1957 1492 et
1984 1453 2124 1493 terruit
2149 1453 2296 1495 Auster

137 1514 287 1558 cuntes,
318 1520 389 1561 pro
418 1507 476 1547 ire
504 1507 692 1547 volentes.
751 1507 962 1560 Eleganter
990 1507 1211 1548 declaratur
1238 1508 1315 1548 hoc
1343 1519 1461 1547 versu
1479 1508 1663 1561 Virgilius
1694 1512 1855 1559 coeptos
1876 1510 1914 1556 ⁵)
1945 1507 2143 1549 Aeneidos
2172 1509 2296 1551 libros

136 1564 323 1604 habuisse
351 1563 391 1602 in
419 1562 610 1604 honorem
638 1575 776 1615 regum
805 1563 1092 1612 Romanorum,
1121 1568 1159 1602 et
1187 1564 1387 1616 proposito
1418 1563 1565 1602 omisso
1594 1561 1763 1616 Augusti
1792 1563 1955 1614 imperio
1983 1563 2137 1604 minora
2163 1565 2295 1617 potius

141 1619 313 1660 carmina
343 1618 509 1669 scripsit.
571 1630 752 1657 mumius
781 1630 978 1656 rimamus
1010 1617 1111 1657 dicit.
1169 1616 1321 1656 Aurem
1350 1617 1482 1670 cellit,
1515 1629 1649 1658 aurem
1680 1631 1701 1658 a
1732 1618 1828 1657 meis
1858 1618 2093 1658 carminibus
2123 1619 2294 1669 abstulit,

140 1674 203 1715 vel
233 1685 367 1713 aurem
397 1672 514 1721 vellit,
543 1671 567 1711 i.
588 1684 622 1711 c.
652 1685 787 1712 aurem
818 1673 910 1712 mihi
940 1673 1077 1725 tetigit.
1100 1695 1152 1702 --
1188 1671 1287 1711 Cum
1318 1684 1499 1711 canerem
1527 1684 1661 1723 reyeS,
1691 1672 1729 1712 id
1761 1676 1832 1720 est,
1864 1685 1953 1712 cum
1983 1684 2125 1713 canere
2153 1674 2294 1713 vellem

139 1740 254 1782 reges
276 1728 541 1767 Romanorum
570 1727 653 1766 sive
672 1726 925 1775 Albanorum,
957 1727 1019 1766 vel
1038 1727 1177 1766 vellem
1198 1727 1395 1766 Aeneidos
1418 1727 1603 1768 scribere.
1667 1725 1882 1779 Cynthius,
1911 1727 2065 1779 Apollo,
2096 1740 2118 1767 a
2140 1728 2295 1781 Cyntho

140 1789 290 1833 monte,
333 1782 397 1834 qui
428 1783 467 1820 in
497 1781 595 1821 Delo
626 1783 753 1822 insula
783 1787 854 1822 est.
925 1781 988 1823 Sic
1018 1782 1232 1834 appellatus
1263 1782 1475 1835 allegorice
1503 1781 1729 1835 Augustus,
1769 1783 1836 1834 qui
1862 1793 1907 1822 se
1933 1784 2088 1836 rogavit
2114 1784 2295 1825 bucolica

139 1839 334 1886 scribere3
364 1849 453 1876 eum
481 1849 550 1887 per
580 1835 798 1888 Apollinem
828 1849 898 1890 pro
928 1837 1192 1881 honoreeius
1223 1837 1305 1877 vult
1332 1838 1518 1890 intellegi.

272 1894 339 1932 VS.
369 1890 408 1932 4.
466 1890 527 1930 Et
559 1892 774 1930 admonuit
799 1897 1027 1944 pastorem,
1059 1892 1108 1932 de
1137 1905 1182 1932 se
1210 1893 1313 1932 dicit.
1379 1890 1535 1945 Tityre,
1565 1903 1588 1932 o
1618 1892 1837 1946 Virgili.—

274 1949 340 1988 Vs.
373 1946 410 1987 5.
469 1945 648 1985 Poscere
679 1952 847 1998 oportet
879 1960 986 1998 ores,
1018 1948 1066 1987 ad
1095 1948 1190 1988 illud
1219 1947 1351 1998 refert,
1384 1948 1489 1999 quod
1510 1948 1706 2000 coepisset
1721 1946 1963 1988 Albanorum
1981 1959 2098 2002 reges
2127 1953 2166 1988 et
2192 1948 2297 1990 bella

141 2004 364 2044 describere
390 2002 588 2055 VirgiliuS,
616 2002 685 2042 sed
717 2005 874 2043 territus
904 2004 1136 2044 insuavitate
1167 2003 1346 2043 carminis
1378 2003 1539 2043 desistit.
1606 2015 1788 2042 1UN1L'1US
1817 2002 1919 2042 dicit.
1976 2000 2225 2055 Decluetum,
2255 2005 2295 2044 in

142 2059 375 2099 oblivionem
408 2057 565 2097 ductum
593 2070 798 2099 renovare.
818 2081 870 2086 —
887 2056 1067 2096 Poscere
1099 2062 1269 2110 oportet
1300 2071 1406 2109 oves,
1434 2059 1471 2098 id
1492 2063 1552 2098 est
1578 2058 1786 2099 bucolicon
1815 2058 2014 2099 scribere..
2041 2057 2293 2111 Deductum,

142 2114 294 2162 subtile,
326 2118 456 2162 tenue,
487 2113 712 2152 iucundum.
770 2111 937 2165 Dicere,
968 2114 1159 2154 subtiliter
1189 2126 1330 2153 canere
1360 2115 1530 2155 carmina
1559 2113 1749 2154 bucolica.

277 2169 342 2207 Vs.
374 2166 411 2207 (3.
471 2166 625 2219 Erunt,
653 2168 945 2209 habundabunt.
979 2193 1026 2198 —
1061 2167 1240 2219 Laudes,
1272 2169 1463 2209 bucolica.

276 2225 342 2263 Vs.
375 2221 411 2262 7.
481 2221 596 2260 Vara.
652 2224 776 2264 Varus
808 2224 946 2263 consul
975 2223 1058 2273 fuit,
1091 2226 1157 2275 qui
1185 2226 1431 2276 praepositus
1463 2228 1522 2269 est
1551 2223 1597 2263 ab
1618 2222 1800 2276 Augusto
1830 2222 2009 2264 divisioni
2039 2235 2223 2278 agrorum
2255 2228 2295 2264 et

146 2280 288 2320 idcirco
321 2280 355 2317 ei
385 2292 407 2318 a
435 2278 596 2331 Virgilio
628 2278 819 2328 adolatur,
840 2281 877 2325 6)
909 2279 1054 2330 quique
1079 2279 1264 2319 Romanis
1297 2279 1539 2319 Germaniam
1570 2277 1729 2317 domuit.
1794 2276 1900 2316 Tuas
1933 2279 2131 2330 condere,
2161 2278 2293 2319 histo-

144 2336 221 2374 rias
253 2333 422 2373 scribere
449 2332 552 2373 Vari.
581 2356 635 2361 —-
674 2332 791 2382 Varo,
821 2334 910 2384 quia
939 2335 1077 2373 Varus·
1096 2334 1234 2375 consul
1264 2333 1478 2373 Germanos
1508 2333 1692 2372 Romanis
1723 2332 1883 2373 domuit.
1939 2334 2049 2374 Victo
2070 2335 2173 2373 enim
2203 2333 2292 2373 An-

146 2388 252 2428 tonio
274 2388 417 2428 Caesar
434 2387 579 2428 Varum
608 2387 648 2426 in
676 2388 765 2428 loco
785 2388 966 2428 Pollionis
995 2389 1205 2438 substituit,
1236 2390 1302 2440 qui
1330 2393 1532 2440 praeesset
1550 2387 1834 2442 transpadanae
1862 2389 2026 2442 regioni,
2057 2391 2119 2429 cui
2148 2388 2294 2429 idcirco

145 2442 328 2496 Virgilius
360 2442 548 2481 adolatur.
607 2441 667 2480 Et
698 2443 837 2481 tristia
868 2442 993 2496 bella,
1023 2444 1242 2484 Ausonium
1271 2444 1428 2484 bellum.

280 2498 345 2536 Vs.
375 2495 412 2536 8.
472 2495 683 2548 Ayrestem
714 2497 889 2550 Musam,
921 2511 1077 2539 carmen
1106 2499 1338 2539 bucolicum.
1367 2522 1421 2527 —
1450 2496 1678 2549 Agyrestem,
1710 2497 1902 2550 scriptura
1929 2498 2210 2540 bucolicorum.
2241 2518 2295 2527 --

150 2551 410 2602 Hammdzne,
439 2553 643 2603 scriptura,
675 2565 775 2605 quae
805 2558 865 2593 est
891 2566 962 2607 per
991 2554 1195 2594 calamum.

281 2619 346 2658 Vs,
378 2616 414 2658 9,
472 2615 571 2655 Νοη
600 2619 757 2656 iniussa
787 2632 907 2672 cmm,
936 2620 998 2659 vel
1026 2633 1048 2661 a
1076 2620 1210 2671 Musis,
1241 2621 1303 2660 vel
1325 2625 1353 2662 'a
1372 2619 1488 2670 Varo,
1519 2620 1557 2660 id
1589 2625 1666 2660 est:
1697 2632 1776 2660 non
1806 2633 1918 2671 cano,
1948 2632 2049 2672 quae
2077 2619 2294 2672 prohibitus

149 2686 250 2724 sum,
279 2678 347 2714 aut
378 2678 482 2713 certe
511 2683 609 2713 cano
643 2685 742 2724 quae
770 2675 890 2719 iussa,
913 2679 950 2722 ⁷)
983 2680 1023 2715 ut
1053 2677 1154 2715 enim
1175 2675 1455 2730 adgrederetur
1473 2676 1660 2728 georgica
1679 2677 1864 2726 scribere,
1893 2679 1989 2728 petit
2006 2675 2294 2729 Augustus.—

150 2728 248 2824 Noxrfz
278 2729 456 2779 iniussa,
492 2728 514 2767 i.
538 2739 571 2767 e.
601 2728 789 2770 bucolica.
848 2729 966 2774 Ilaec
997 2744 1160 2784 quoqne
1200 2733 1237 2769 εἰ
1267 2732 1381 2783 quis,
1421 2730 1459 2770 id
1489 2736 1569 2771 est:
1604 2731 1719 2771 etiam
1757 2732 1795 2771 in
1833 2730 1893 2770 his
1923 2731 2095 2771 invenies
2123 2730 2294 2781 laudem,

150 2796 173 2825 o
247 2795 324 2824 are.

283 2972 314 3012 1)
342 2970 441 3004 Cod.:
477 2970 581 3003 haec
616 2980 634 3002 e
667 2970 847 3004 dearum.
895 2973 929 3014 2)
954 2972 1138 3007 Secundum
1168 2974 1269 3008 Servii
1302 2974 1539 3007 adnotationem
1576 2972 1768 3015 legendum:
1804 2972 2002 3016 Scyllam.
2057 2971 2091 3014 3)
2116 2970 2216 3005 Cod.:
2242 2972 2294 3005 de

152 3030 196 3052 se
221 3017 374 3050 unctis.
421 3017 454 3058 4)
483 3015 583 3049 Cod.:
610 3015 865 3051 bucolicam.
911 3019 945 3062 5)
972 3017 1076 3053 Cod.:
1103 3031 1192 3054 cum
1217 3021 1327 3064 quia.
1376 3019 1411 3061 ⁴³)
1437 3019 1471 3052 Iu
1497 3018 1589 3052 cod.:
1615 3023 1779 3062 ceptus.
1841 3019 1875 3061 6)
1911 3019 1963 3052 Sic
1997 3017 2066 3052 sere
2099 3027 2228 3061 semper
2260 3020 2293 3052 in

150 3063 264 3097 codice
287 3062 443 3096 scribitur.
491 3063 525 3104 τ)
554 3061 655 3096 Cod.:
681 3063 857 3098 iussum.
