2430 3177
1164 57 1228 106 19

1068 124 1333 143 Μ

261 192 328 233 νε.
353 189 423 232 ’9.1.
481 189 635 242 Izmyat
663 193 794 230 aratro
822 188 974 242 vulpes.
1030 189 1137 231 Haec
1163 204 1236 244 pro
1265 191 1578 245 impossibilitate
1607 191 1799 235 dicuntur.
1819 216 1873 226 --
1901 195 1964 236 Et
1991 199 2175 252 nmlyeat
2203 204 2284 243 lzz‘r-

130 259 218 299 cos,
243 246 322 288 hoo
352 251 435 287 est:
465 257 596 285 rerum
627 244 853 285 odiosarum
882 247 1029 296 pereat
1046 247 1273 298 sterilitate,
1303 251 1347 287 ut
1374 247 1523 288 maiora
1551 246 1706 288 habeat.
1988 263 1990 265 ·

261 302 327 341 Vs.
362 299 426 342 92.
489 299 571 345 Qui
600 299 743 351 leyitis
768 299 906 351 flores,
939 298 989 338 ad
1018 311 1114 341 suos
1135 302 1241 342 cives
1270 301 1363 342 dicit
1393 306 1484 342 ante
1503 301 1798 356 indulgentiam.
1822 327 1870 334 -
1890 305 1954 345 Et
1980 306 2092 347 humi
2119 323 2284 351 nascen-

129 356 192 396 tia
217 357 360 408 fragm,
389 367 504 407 poma
534 356 643 395 iuxta
671 359 814 394 terram
842 358 945 393 nata.

264 411 330 451 Vs.
362 408 426 451 93.
486 409 703 462 Frigidus,
735 414 802 449 aut
829 419 992 458 nocens,
1026 414 1094 449 aut
1123 412 1213 462 quia
1240 410 1281 450 in
1308 409 1458 463 frigore
1481 411 1658 461 moritur,
1691 419 1758 454 aut
1785 418 1924 455 natura
1952 415 2120 471 frigidus
2150 425 2190 460 et
2216 434 2285 474 per

128 477 304 506 morsum
332 463 498 519 frigidos
528 465 632 504 facit.
690 462 893 515 Friyidus
923 465 1083 515 anquis,
1115 466 1271 516 milites,
1300 465 1442 516 quibus
1472 466 1557 518 agri
1586 465 1664 506 dati
1691 473 1792 508 sunt.
1817 491 1866 498 --
1886 469 2090 523 Friyidus
2121 488 2145 512 o
2161 477 2286 526 pueri

129 525 170 560 et
198 521 359 571 reliqua.
417 519 640 573 Allegorice
670 518 877 568 ClaudiuS,
918 520 983 569 qui
1009 521 1180 571 putavit,
1219 531 1266 560 se
1289 520 1462 572 ..impune
1486 532 1629 572 agrum
1658 521 1807 575 Virgilii
1843 524 2085 578 habiturum,
2125 532 2158 569 si
2195 525 2284 571 eum

128 574 344 615 occiderit..
396 574 539 614 Aliter:
583 573 632 614 ad
671 585 740 613 eos
782 573 894 623 dicit,
933 575 999 625 qui
1035 581 1140 615 tunc:
1161 574 1334 628 populati
1370 579 1463 615 sunt
1499 576 1604 614 cives
1640 587 1758 627 suos,
1797 583 1840 618 ut
1879 580 2081 624 moderate
2109 590 2282 638 agerent.

128 629 357 683 Serpentem
386 631 420 668 si
439 632 494 676 31)
527 629 629 677 dicit,
661 640 741 668 non
769 628 870 668 bene
898 640 970 681 pro
998 630 1146 680 impetu
1175 630 1359 670 militum.

261 685 326 725 Vs.
356 683 420 725 94.
479 682 654 721 Parcite
683 694 787 727 oves,
818 683 868 722 ad
898 684 1002 723 cives
1030 684 1121 724 dicit
1131 697 1142 733 ;
1171 684 1338 722 nimium
1363 685 1609 735 procedere,
1640 686 1804 727 ulterius
1833 688 1998 742 ingredi.
2024 700 2028 712 ’

261 739 327 779 νε.
359 736 422 779 95.
482 736 592 788 Ipse,
620 738 804 791 Virgilius
834 740 919 790 ipse
940 738 1000 778 vel
1021 739 1288 780 Octavianus..
1311 738 1433 778 Aries
1455 740 1634 790 [ae]stivo
1654 746 1830 793 tempore
1851 745 1985 794 oritur,
2018 758 2099 797 quo
2117 748 2285 790 maxime

124 793 338 834 incalescit.
398 793 565 841 Quidam
595 793 796 846 Virgilium
826 792 1046 833 interficere
1073 794 1217 844 voluit3
1257 795 1291 834 is
1329 807 1424 835 vero
1463 800 1664 835 transnato
1703 796 1821 837 fluvio
1857 799 1921 838 vix
1953 802 2080 852 potuit
2117 803 2281 844 vestitus

126 848 314 898 evadere,
345 848 475 899 ibique
504 854 653 888 vestem
682 859 793 889 suam
821 849 862 888 in
888 849 972 900 ripa
993 851 1049 897 32)
1082 854 1216 890 contra
1245 850 1371 902 posita
1399 850 1573 890 siccavit.
1628 850 1875 904 Allegorice:
1914 853 2112 896 Mantuani
2140 857 2281 910 videte,

122 915 176 943 ne
204 902 298 954 quid
326 907 474 942 temere
498 903 674 952 faciatiS,
715 916 804 943 cum
832 904 919 957 ipse
945 904 1130 958 Virgilius
1161 904 1378 957 pericu-lum
1410 907 1578 945 evaserit
1606 917 1807 960 praeceps.
1843 931 1897 938 —
1947 909 2110 949 Vellera
2135 912 2280 958 siccat,

121 962 252 998 vestes
284 957 333 997 ad
363 970 533 1011 pugnam
564 959 696 1011 cingit.
2277 965 2279 968 '

246 1013 322 1052 Vs.
353 1011 419 1054 96.
483 1011 639 1065 Tityre,
671 1013 720 1052 de
748 1025 793 1052 se
823 1013 927 1053 dicit.
958 1037 1009 1043 —
1043 1013 1187 1061 Reice,
1217 1026 1371 1065 amove,
1399 1014 1508 1068 fuga.
2085 1046 2089 1050 .

257 1068 323 1107 Vs.
355 1065 420 1108 97.
488 1067 567 1107 Ubi
597 1073 756 1118 tempus
785 1069 1014 1119 erit,‘post
1041 1069 1338 1120 indulgentiam.
1374 1091 1428 1097 —-
1469 1069 1519 1106 ln
1546 1073 1691 1121 fonte,
1729 1084 1809 1111 non
1836 1072 1873 1110 in
1906 1072 2036 1114 fluvio.
2094 1073 2278 1120 Lavabo,

121 1122 347 1176 purificabo.
405 1123 629 1169 Allegorice
659 1123 707 1160 de
736 1123 841 1173 agris
872 1121 1105 1173 recipiendis
1136 1121 1440 1173 intellegendum
1470 1127 1540 1161 est.

186 1195 189 1201 ,
255 1178 322 1215 Vs.
348 1175 418 1216 ³98.
482 1171 647 1226 Coqua,
679 1179 846 1215 servate.
906 1173 1200 1226 Praeceperit,
1229 1175 1509 1224 exsiccaverit,
1542 1179 1896 1231 praeoccupaverit.
1928 1203 1979 1210 -
2008 1179 2170 1229 Aestus,
2202 1185 2277 1226 ad-

120 1238 258 1273 ornam
287 1231 383 1270 solis
413 1230 545 1270 calore
573 1231 635 1270 lac
665 1231 929 1280 consumitur,
968 1230 1043 1269 nisi
1071 1230 1241 1270 mulsum
1270 1229 1401 1270 fuerit.
1468 1230 1691 1286 Allegorice
1720 1235 1873 1275 turbida
1901 1234 2002 1276 bella
2022 1239 2079 1286 33)
2109 1238 2280 1293 Augusti

120 1291 159 1327 et
186 1286 359 1326 Antonii.

254 1342 321 1381 Vs.
353 1338 417 1381 99.
474 1339 638 1391 Nuper,
669 1339 765 1379 heri.
824 1338 1011 1384 Frustra,
1040 1340 1168 1390 inane,
1200 1340 1290 1391 quia
1317 1339 1380 1380 lac
1407 1352 1488 1380 non
1516 1341 1670 1387 habent,

254 1397 321 1435 Vs.
356 1393 446 1436 100.
507 1394 647 1438 Elzeu,
680 1394 846 1434 dolentis
885 1396 1115 1435 interiectio.
1173 1393 1343 1440 Macer,
1375 1395 1496 1434 exilis.
1535 1419 1582 1425 —
1633 1396 1792 1437 Taurus
1830 1412 1975 1441 macer.
2031 1401 2276 1456 Allegorice:

121 1451 228 1492 Licet
258 1451 342 1505 agri
371 1450 510 1490 redditi
540 1452 637 1499 sint,
669 1454 799 1490 tamen
826 1450 967 1490 timore
996 1461 1233 1501 consumor,
1264 1450 1327 1490 vel
1354 1452 1530 1502 quamvis
1559 1452 1598 1491 in
1629 1453 1814 1504 opulento
1843 1459 1947 1496 statu
1978 1457 2081 1508 apud
2102 1460 2158 1507 ⁸4)
2189 1459 2276 1500 Ro-

119 1518 258 1547 manos
288 1507 373 1555 sim,
407 1510 535 1546 tamen
564 1505 710 1544 lacerat
736 1517 798 1544 me
828 1516 939 1545 amor
967 1505 1063 1558 agri.

254 1561 318 1600 Vs.
353 1558 441 1600 101.
502 1559 695 1597 Eritium
720 1560 884 1609 pecori.
930 1557 1336 1611 „AllegoricezCives
1365 1559 1497 1599 taedet
1523 1562 1718 1601 reservari
1748 1562 1795 1602 ad
1821 1574 1906 1605 sua.
1938 1588 1988 1594 -
2019 1564 2276 1620 Pecorisque

120 1616 333 1668 mayz'strc»,
364 1620 491 1665 tauro,
522 1615 586 1654 vel
613 1625 657 1652 se
686 1614 915 1665 magistrum
944 1613 1048 1653 dicit.
1109 1612 1336 1664 Mayistro,
1366 1615 1557 1667 magistro
1589 1620 1659 1655 est.

254 1671 320 1710 Vs.
353 1667 443 1709 102.
503 1668 610 1720 His,
639 1669 750 1721 agnis
782 1669 902 1717 meis,
935 1668 1145 1721 allegorice
1175 1667 1395 1708 Cornificio.
1424 1690 1479 1697 —
1509 1668 1709 1716 Haerent,
1739 1677 1909 1713 movent.
1979 1673 2061 1713 Via:
2089 1673 2273 1722 haerent,

118 1725 236 1767 nimia
266 1725 471 1765 macietate
500 1723 778 1778 conficiuntur3
820 1723 963 1763 macies
1007 1733 1127 1764 causa
1146 1723 1227 1774 ³⁵),
1267 1735 1358 1763 nam
1388 1725 1512 1765 amori
1537 1730 1720 1778 praestat.
1778 1726 2022 1782 Allegorice:
2060 1732 2165 1772 cives
2195 1745 2274 1773 non

117 1786 277 1834 sperant
305 1785 345 1820 et
372 1780 486 1819 exilio
516 1782 757 1831 torquentur.
987 1829 991 1833 ῃ

251 1836 319 1875 νε.
353 1832 442 1875 103.
501 1831 657 1873 Nescio
690 1834 796 1884 quiS,
824 1832 972 1884 nescio,
1002 1832 1108 1873 unde
1136 1831 1236 1873 haec
1263 1833 1393 1874 mala·
1468 1868 1477 1886 μ,

251 1890 318 1930 νε.
355 1887 444 1930 104.
503 1886 601 1927 Dic.
659 1887 776 1928 Dedit
812 1887 942 1928 locum
980 1887 1156 1928 solvendi
1196 1889 1468 1940 quaestiones,
1508 1894 1552 1930 ut
1581 1890 1693 1931 Musa
1731 1891 1824 1933 mihi
1852 1897 1891 1933 et
1919 1894 2080 1947 reliqua.
2137 1895 2275 1938 Pastor

118 1946 279 1998 pastori,
309 1945 425 1997 poeta
454 1942 1046 1998 poetae,proponitproblema.
1065 1962 1117 1972 ——
1143 1942 1299 1998 Quibus
1326 1944 1375 1983 ‚in
1403 1944 1535 1983 terris.
1578 1946 1669 1988 Sive
1695 1947 1736 1987 in
1766 1947 1941 2000 Graecia,
1973 1951 2056 1990 sive
2085 1951 2124 1991 in
2152 1951 2272 1999 Italia.

118 1999 181 2040 Et
210 2001 288 2039 eris
318 1999 417 2037 mihi
446 2010 615 2051 marsuas
635 1995 819 2048 Apollo.
879 1997 923 2037 In
949 1996 1105 2040 honore
1128 1997 1166 2038 A
1195 1998 1320 2039 ollinis
1349 2005 1389 2039 te
1418 1999 1604 2040 adorabo.

254 2056 320 2095 νε.
354 2052 444 2095 105.
509 2050 626 2108 Caeli
654 2054 835 2104 spatium
866 2057 904 2092 et
932 2053 1092 2105 reliqua.
1187 2054 1225 2093 lii
1255 2053 1388 2095 dicunt
1417 2054 1597 2106 clypeum
1625 2054 1756 2095 Aiacis
1787 2058 1902 2098 trium
1923 2061 1979 2108 8ὅ)
2009 2060 2201 2112 ulnarum,
2230 2062 2271 2102 in

117 2122 196 2164 quo
227 2122 412 2162 expressa
445 2107 694 2153 caeliforma
722 2107 814 2156 fuit;
843 2107 920 2147 hoc
949 2113 1009 2147 est
1028 2107 1290 2160 Hyacinthum
1319 2107 1525 2162 significat,
1556 2123 1672 2162 quem
1695 2110 1797 2150 Aiax
1825 2113 1987 2154 occidit:
2018 2114 2082 2155 alii
2110 2127 2272 2169 specum

117 2166 158 2206 in
187 2165 316 2207 Sicilia
344 2168 513 2217 angusto
543 2175 612 2203 ore
639 2162 834 2216 profunda
863 2162 1087 2213 altitudine,
1126 2176 1197 2216 per
1226 2176 1341 2215 quam
1377 2169 1490 2217 rapta
1520 2171 1580 2206 est
1607 2166 1838 2219 Proserpina
1869 2181 1890 2208 a
1919 2169 2008 2209 Dite
2037 2175 2146 2221 patre
2155 2183 2168 2220 3
2207 2171 2271 2211 alii

118 2221 306 2261 mundum
334 2220 374 2259 in
404 2218 727 2268 sacroCereris,
767 2222 806 2257 et
844 2218 995 2259 caelum
1031 2230 1103 2270 pro
1139 2218 1326 2260 mundum
1355 2219 1526 2272 positum
1557 2220 1701 2261 dicunt.
1767 2222 1912 2263 Aliter:
1941 2224 2057 2277 Apud
2087 2227 2270 2277 antiquos

117 2275 190 2317 fuit
219 2275 430 2316 altissimus
458 2279 621 2327 puteus,
652 2274 693 2313 in
719 2285 835 2324 quem
866 2272 1129 2329 descendebat
1154 2286 1252 2327 puer
1282 2273 1331 2314 ad
1359 2285 1472 2316 sacra
1502 2275 1755 2326 celebranda,
1785 2289 1864 2328 quo
1891 2285 2152 2332 cognosceret
2181 2280 2271 2320 anni

116 2330 352 2385 proventus,
383 2330 495 2371 cuius
521 2330 629 2383 putei
657 2328 786 2378 orbis,
824 2327 865 2367 id
894 2333 954 2367 est
982 2340 1160 2369 summus
1190 2329 1382 2379 circulus,
1420 2342 1500 2369 non
1530 2331 1694 2383 amplius
1722 2344 1839 2383 quam
1866 2334 1982 2372 trium
2011 2334 2191 2379 ulnarum
2210 2337 2268 2384 37)

116 2397 341 2425 mensuram
369 2384 550 2435 habebat,
581 2395 749 2438 cumque
778 2383 1048 2424 descendisset
1076 2388 1115 2423 et
1142 2395 1301 2424 sursum
1331 2384 1571 2436 adspiceret,
1594 2388 1649 2434 ³⁸)
1680 2397 1760 2425 non
1789 2387 2016 2439 ampliorem
2046 2389 2144 2430 caeli
2170 2382 2268 2442 par-

116 2444 210 2491 tem,
244 2452 362 2492 quam
391 2438 497 2493 quod
524 2443 666 2493 puteus
694 2438 840 2488 habuit,
870 2443 1023 2491 poterat
1048 2437 1195 2479 videre.
1252 2439 1355 2479 Dicit
1383 2451 1591 2479 connurus
1621 2439 1668 2478 ab
1699 2441 1785 2492 ipso
1805 2441 1965 2495 Virgilio
1990 2437 2160 2485 audisse
2177 2435 2267 2496 [Se],

119 2494 428 2547 quod,.Caeliu1n
456 2493 711 2546 Mantuanum
739 2493 935 2548 quendam
965 2493 1111 2547 tetigit,
1149 2493 1215 2546 qui
1244 2495 1459 2533 consumtis
1490 2494 1668 2547 omnibus
1698 2494 1946 2537 facultatibus
1982 2499 2036 2537 nil
2062 2499 2139 2547 ¹sibi
2166 2500 2265 2541 reli·—

118 2549 234 2600 quit,·
260 2549 335 2589 nisi
362 2549 493 2590 locum
522 2549 638 2588 trium
658 2548 861 2598 ulnarum,
891 2550 1058 2600 spatium
1087 2548 1137 2589 ad
1166 2548 1427 2601 sepulturam,
1458 2553 1497 2588 et
1527 2549 1633 2589 Coeli
1660 2562 1730 2603 pro
1762 2550 1882 2590 Coelii
1911 2552 2017 2592 dixit.
2048 2576 2115 2586 -—--
2138 2553 2266 2594 Idem:

119 2601 226 2643 Caeli
253 2605 418 2655 spatium
449 2616 610 2643 evimus
640 2615 740 2643 Mso
770 2602 977 2644 torificium
1007 2604 1080 2654 ait,
1119 2604 1209 2656 quia
1228 2605 1279 2653 ³⁹)
1318 2608 1467 2644 tantum
1506 2604 1658 2644 caelum
1694 2610 1827 2658 patere
1861 2607 2035 2658 videtur,
2078 2613 2266 2660 quantum

117 2657 324 2699 torificium
351 2663 467 2710 patet,
525 2658 621 2698 Item
650 2670 844 2699 Asconius
873 2670 1075 2699 ramanus
1105 2660 1179 2710 ait,
1210 2670 1255 2698 se
1282 2658 1428 2698 vidisse
1456 2658 1657 2712 Virgilium
1687 2660 1898 2713 dicentem,
1929 2662 1968 2701 in
1996 2662 2074 2704 hoc
2101 2663 2265 2705 locose

191 2876 214 2897 ,·
250 2854 301 2897 31)
326 2853 455 2888 Codex:
491 2864 534 2886 se
567 2855 687 2888 dicit.
720 2848 795 2898 ’32)
821 2855 952 2890 Codex:
976 2857 1085 2900 rapi.
1141 2856 1192 2898 3³)
1220 2836 1351 2890 Codex:
1388 2856 1566 2890 turbido
1599 2857 1720 2891 belli.
1775 2859 1827 2901 34)
1853 2859 1982 2894 Codex:
2017 2866 2138 2904 aput,
2172 2866 2265 2895 utet

116 2899 199 2933 infra
223 2900 264 2934 ad
290 2911 372 2933 vers.
393 2897 470 2933 105.
496 2899 632 2943 legitur:
667 2907 768 2944 aput
798 2903 1021 2947 antiquos,
1056 2907 1088 2935 et
1118 2901 1225 2947 eclog.
1249 2901 1290 2944 4,
1313 2914 1363 2936 vs.
1380 2901 1414 2936 4.
1439 2903 1515 2936 adn.
1534 2901 1566 2935 5.
1626 2903 1706 2937 Vide
1735 2915 1833 2949 supra
1863 2906 1905 2938 ad
1930 2906 2036 2950 eclog.
2067 2903 2105 2948 3,
2131 2917 2182 2942 vs.
2206 2905 2263 2941 50.

106 2946 166 3033 ³³33
188 2945 550 3035 ggggxzmcuainsam.
606 2945 655 2990 ³8)
686 2946 722 2980 ln
753 2948 888 2981 codice:
921 2949 1219 2982 aiacistreum.
1275 2948 1327 2991 37)
1360 2947 1490 2982 Codex:
1525 2959 1738 2983 urnarum.
1785 2951 1837 2992 38)
1864 2950 1994 2984 Codex:
2019 2954 2263 2998 aspiciens,

1789 3049 1859 3093 352·
