2430 3177
1259 78 1321 125 14

1142 145 1403 162 Μ

206 224 282 266 tes,
325 217 390 268 qui
421 213 586 255 Gallium
625 211 671 252 ab
711 210 818 252 Italia
857 207 1045 251 dividunt.
1103 205 1255 247 Ae'riae
1294 220 1344 247 ex
1374 205 1524 248 Graeca
1560 208 1845 250 consuetudine
1880 208 2030 259 dict-ae3
2070 194 2212 252 Graeci
2241 210 2345 250 enim

205 270 388 324 quicquid
421 269 567 310 celsum
596 267 812 314 aeriumw)
846 269 999 306 vocant.
1057 263 1239 304 lusimus
1275 262 1378 302 dicit.
1436 260 1620 307 Norica,
1660 263 1801 304 Norica
1839 265 1999 304 castella
2028 264 2124 305 dixit
2151 278 2174 306 a
2202 264 2341 306 Borea,

204 327 344 368 Noreia
377 324 545 377 quaessl)
575 327 635 363 est
661 323 700 361 in
732 320 854 361 Gallia
884 324 925 360 ut
953 319 1135 359 Assumo
1163 318 1415 358 historiarum
1444 329 1524 357 non
1553 318 1715 371 ignarus
1744 319 1872 359 docet,

339 381 404 420 Vs.
434 377 528 419 475.
586 376 635 415 In
666 374 860 426 tumulis,
898 375 1011 415 locis.
1072 372 1268 426 Iapyyis,
1309 372 1469 426 Iapygia
1499 385 1589 425 pars
1621 379 1681 413 est
1711 373 1847 413 Istriae
1877 378 1916 413 et
1944 373 2162 415 Dalmatiae
2190 372 2342 414 adfinis.
2371 413 2375 421 ,

206 436 387 477 lemnius
419 434 521 474 dicit.
551 455 605 461 —
637 429 832 484 lapyyis‚
863 430 1086 482 Iapygiam)
1119 440 1210 481 pars
1240 432 1302 467 est
1330 427 1516 468 Venetiae
1535 429 1719 481 ,regionis
1751 428 1854 468 dicta
1882 428 1931 469 ab
1961 428 2103 481 oppido
2121 428 2342 483 Iapygo.⁸³)

209 491 471 531 Gaunmwms
503 487 607 528 dicit.
665 486 776 524 Ari-a
813 483 995 528 Timavi,
1026 485 1066 524 in
1093 483 1195 524 Istro
1224 486 1328 523 sunt.

339 545 405 585 Vs.
435 540 529 583 476.
587 540 695 580 Post
723 545 841 580 tanto
872 544 1061 592 tempore.

234 656 237 658 q
339 600 404 639 Vs.
436 596 529 640 478.
589 594 854 639 Miseranda,
885 595 1080 648 pessima,
1125 587 1297 634 inferens
1327 605 1409 632 rem
1440 592 1597 645 dignam
1628 592 1891 633 miseratione.
1924 615 1978 641 ¹—-
2013 591 2238 641 Coorta⁸⁴J
2271 598 2343 637 est,

207 661 296 696 nata
326 660 396 695 est.

339 703 528 750 Ys.‘479.
592 704 848 758 Tempestas,
888 716 990 758 quae
1025 714 1181 756 semper
1208 702 1467 756 pestilentiam
1503 702 1608 743 facit.
1645 704 1699 731 -'—
1738 700 1935 741 Autumni
1965 702 2184 742 incanduit
2213 707 2343 746 aestu,

208 765 355 807 exarsit.
385 764 505 817 prima
534 768 644 815 parte
675 761 862 802 autumni.

341 820 408 859 Vs.
438 816 532 859 481.
597 815 878 867 Corrupitque
910 812 1025 852 lacus
1055 818 1093 853 et
1124 813 1234 864 reliq.
1273 811 1448 852 ordinem
1479 823 1559 851 non
1588 816 1748 853 secutus
1779 817 1862 862 est,
1904 814 1994 864 quia
2023 824 2124 864 aqua
2153 817 2243 865 post
2269 823 2346 865 pa-

210 877 299 916 bula
331 879 437 915 esset
468 877 651 924 corrupta
724 869 862 918 Tabo,
894 868 1123 921 pestilentia.
1156 889 1206 895 —
1239 865 1394 917 Infecit
1417 865 1597 917 pabula,
1630 879 1709 906 non
1738 869 1849 918 quasi
1878 868 2072 919 corruptis
2101 867 2252 920 pabulis
2272 878 2344 909 usa

212 942 351 983 pecora
385 926 612 980 intellegere
643 926 853 974 debemus,
886 922 958 964 sed
988 934 1123 962 eorum
1152 922 1311 961 morbus
1338 922 1478 974 pabula
1508 922 1591 973 ipsa
1622 923 1848 974 corrumpit.

345 985 409 1022 Vs.
444 981 536 1023 482.
595 979 685 1019 Nec
717 980 782 1018 via
811 978 955 1017 mortis
986 981 1074 1015 erat
1103 975 1302 1027 simplex,
1333 988 1407 1016 nec
1436 976 1677 1015 moriebatur
1706 989 1755 1015 ex
1784 988 1880 1027 usu,
1922 976 1960 1016 id
1991 980 2052 1016 est
2079 988 2150 1030 per
2178 980 2345 1019 natura-

212 1042 287 1081 lem
317 1039 518 1085 ordinem,
549 1049 628 1076 non
657 1040 805 1076 tantum
836 1034 931 1087 fuga
961 1033 1137 1081 animae,
1181 1031 1252 1071 sed
1281 1033 1396 1071 etiam
1427 1032 1603 1083 corporis
1630 1031 1895 1080 resoluti0ne3
1935 1030 1982 1072 ab
2013 1043 2061 1071 eo
2091 1032 2198 1084 quod
2226 1043 2347 1085 prae-

212 1096 311 1137 eedit
341 1093 378 1134 id
404 1092 510 1145 quod
540 1093 718 1142 sequit-ur
747 1088 928 1130 ostendit.
960 1110 1012 1116 -—
1043 1085 1194 1138 lynea,
1223 1086 1376 1126 fevidus
1406 1086 1524 1127 calor.
2390 1087 2394 1090 ⁴

344 1149 410 1188 Vs.
441 1144 537 1188 483.
593 1144 725 1190 Acta,
755 1149 926 1197 peracta.

344 1205 410 1243 Vs.
440 1201 532 1243 484.
593 1200 794 1239 Flucidus
825 1199 988 1251 liquor,
1017 1198 1226 1244 hunum-⁸⁶)
1259 1194 1396 1247 aquae.
1456 1194 1505 1233 In
1536 1208 1601 1240 se,
1633 1201 1768 1236 contra
1798 1207 1853 1236 se.

314 1260 409 1353 fiVs.
441 1256 535 1298 3285.
601 1255 727 1299 Ossa,
771 1266 939 1306 quorum
968 1253 1109 1293 humor
1148 1251 1331 1292 sordidus
1371 1251 1689 1304 hyperboliceffi)
1729 1256 1854 1291 totum
1893 1251 2090 1297 hominem
2127 1250 2191 1291 vel
2226 1262 2347 1304 pecus

210 1316 242 1355 si
274 1314 312 1354 ni
342 1319 415 1353 cat.
2103 1300 2106 1301 ⁷

246 1327 271 1367 g
347 1369 411 1407 Vs.
443 1365 537 1407 486.
599 1364 643 1403 In
680 1364 860 1411 honore,
900 1362 949 1403 ad
988 1361 1241 1412 sacrificium,
1281 1366 1323 1403 ut
1352 1359 1466 1399 Izaucl
1497 1360 1683 1413 equidem
1715 1359 1794 1399 tali
1832 1361 1884 1400 de
1913 1360 2070 1413 cliynor
2096 1350 2265 1400 honore.
2299 1384 2348 1389 —

215 1423 385 1474 Hostia,
414 1423 583 1464 victima,
613 1423 710 1461 ovis.

346 1479 411 1518 VS.
443 1475 536 1517 487.
596 1474 737 1513 Lanea
766 1474 932 1521 vittaffl)

353 1534 419 1572 Vs.
449 1529 543 1572 489.
602 1528 687 1567 Aut
716 1530 752 1567 si
783 1541 900 1579 quam
927 1528 1042 1578 ferro
1073 1532 1112 1566 et
1138 1526 1248 1577 reliq.
1281 1526 1364 1565 eius
1395 1525 1543 1565 scilicet
1571 1529 1737 1564 mortem
1768 1524 2038 1577 praeveniens.

345 1588 413 1628 Vs.
444 1584 539 1626 490.
597 1584 701 1622 Inde
728 1586 922 1635 nequessss)
954 1587 993 1623 et
1021 1582 1130 1633 reliq.
1163 1582 1252 1633 quia
1283 1580 1507 1621 valetudine
1538 1580 1655 1631 partis
1687 1584 1725 1619 et
1753 1581 1989 1633 contagione
2007 1579 2216 1620 tenebatur
2233 1583 2352 1632 atque

214 1645 372 1697 indigna
402 1640 602 1682 sacrificiis
633 1645 728 1679 erat.
760 1660 813 1666 —
846 1636 948 1675 lude
978 1640 1169 1688 ueque‘39)
1211 1641 1249 1676 et
1276 1635 1385 1687 reliq.
1425 1635 1590 1674 Primus
1623 1634 1831 1674 SECUNDUS
1861 1636 1914 1674 ait
1944 1635 2120 1675 morbida
2149 1646 2242 1675 caro
2271 1647 2353 1677 non

214 1700 405 1752 coquitur.
416 1698 471 1744 ⁹⁰)
2066 1688 2072 1694 ’

347 1753 411 1791 Vs.
443 1748 536 1791 491.
595 1747 685 1786 Nec
721 1759 922 1798 responsa
962 1750 1000 1786 et
1039 1745 1151 1796 reliq.
1194 1744 1324 1797 colligi
1361 1745 1462 1785 enim
1501 1744 1656 1784 nonnisi
1691 1755 1742 1783 ex
1780 1754 1876 1783 sana
1914 1743 2069 1784 victima
2104 1743 2236 1784 futura
2271 1756 2351 1786 non

217 1813 392 1861 possunt.
2165 1820 2169 1821 ⁷

350 1863 417 1902 Vs.
445 1857 540 1901 492.
601 1857 828 1922 Sanquiue,
859 1853 1014 1918 quidam
1046 1854 1207 1917 senguis
1238 1853 1390 1907 gelidus
1422 1858 1516 1895 erat.
1537 1876 1590 1881 —
1615 1851 1840 1903 Suppositi
1862 1851 2008 1897 cultri,·
2023 1853 2112 1904 quia
2140 1820 2180 1892 in
2208 1853 2352 1902 V10.⁹¹)
2418 1886 2422 1889 Α

218 1917 528 2013 ἶξὸιζέῑίιῧξιιαητθῖ)
572 1913 648 1952 aliz
687 1910 844 1950 cultros
883 1910 922 1950 ld
962 1915 1021 1949 est
1062 1909 1238 1962 iugulant
1276 1909 1439 1948 hostias.
1496 1907 1737 1955 Dicendo-⁰³)
1778 1909 1991 1958 suppositi
2027 1908 2190 1949 feriendi
2227 1914 2353 1962 genus
2404 1916 2410 1920 '

352 2027 418 2066 Vs.
448 2021 543 2066 493.
604 2022 847 2073 Summaque
875 2019 1013 2057 ieiuna
1044 2024 1082 2059 et
1109 2017 1220 2070 reliq.
1254 2016 1450 2071 [signatis]
1480 2028 1577 2057 usus
1608 2021 1668 2056 est
1696 2016 1825 2057 verbis
1846 2017 2040 2070 nimisque
2057 2017 2280 2068 libratis.⁹⁴)
2301 2040 2355 2047 —
2416 2051 2421 2056 .

222 2082 366 2121 leimm
396 2081 527 2123 sanie,
559 2078 680 2119 sterili
711 2082 749 2116 et
779 2076 920 2115 vitioso
950 2074 1154 2127 sanguine.

354 2137 418 2175 Vs.
450 2133 544 2175 494.
604 2131 746 2170 Laetis
778 2131 819 2168 iu
848 2127 1005 2173 herbis,
1037 2141 1087 2167 ne
1116 2139 1184 2168 eos
1212 2126 1315 2167 same
1342 2131 1507 2180 periisse
1535 2131 1774 2180 putaremus.

355 2192 420 2230 Vs.
451 2187 545 2229 496.
606 2186 720 2225 Hinc
761 2183 930 2224 canibus
970 2182 1158 2229 blandis,
1200 2183 1314 2222 etiam
1345 2182 1497 2223 blandis
1527 2182 1679 2222 accidit.
1713 2206 1763 2210 -—
1792 2180 1854 2220 Et
1894 2182 2032 2234 quatit
2060 2184 2217 2235 proprie
2244 2181 2351 2232 dicit,
2423 2199 2430 2206 ·

221 2260 310 2288 nam
343 2246 460 2286 tussis
490 2254 634 2296 corpus
663 2243 892 2282 commovet.
1158 2266 1160 2269 ,
1397 2254 1403 2261 -
1835 2268 1841 2274 ,
2170 2268 2173 2272 ,
2290 2263 2295 2265 .

351 2302 417 2340 Vs.
446 2297 539 2339 497.
605 2295 744 2334 Tussis
775 2294 945 2344 corripit,
976 2292 1143 2344 stringit,
1177 2291 1297 2342 augyit
1326 2291 1425 2330 bene
1455 2291 1519 2340 ait,
1550 2303 1638 2330 nam
1670 2291 1811 2335 ane-ina
1843 2290 1983 2331 dicitur
2011 2303 2218 2344 porcorum
2239 2286 2353 2332 mor-

223 2358 319 2400 bus,
350 2355 416 2407 qui
446 2357 610 2405 occupat
638 2351 786 2391 fauces.
818 2349 1000 2387 Pisum<
1031 2346 1216 2393 dicium:
1249 2345 1361 2383 Velle
1388 2357 1447 2383 me
1476 2345 1518 2382 in
1549 2336 1742 2397 anginam
1773 2346 1888 2389 verti,
1920 2350 1966 2384 ut
1984 2345 2082 2384 kuic
2102 2344 2352 2392 aniculae⁹⁸)

222 2419 572 2462 praeoccupat-em
599 2407 756 2457 fauces.
816 2403 1077 2443 GAnnssNnms
1107 2401 1210 2441 dicii.
1252 2424 1303 2429 —-
1343 2398 1477 2450 Anyti
1513 2400 1560 2439 ab
1599 2400 1779 2453 augendo
1818 2400 1895 2440 hoc
1925 2404 1984 2440 est
2021 2400 2273 2455 stringendo,
2311 2404 2355 2440 ut
2412 2399 2416 2401 ’

224 2467 274 2505 ibi
305 2465 482 2514 corripit
514 2463 556 2500 in
583 2461 733 2500 nodum
766 2457 1005 2508 complexus
1036 2460 1075 2494 et
1105 2456 1224 2507 (tussit
1253 2454 1487 2503 inhaerem3
1519 2454 1622 2494 unde
1650 2459 1689 2494 et
1718 2456 1860 2508 angina
1888 2455 2023 2495 vitium
2052 2459 2227 2506 vocatur,
2248 2454 2355 2507 quod
2391 2451 2419 2472 *-

224 2519 463 2573 strangulat,
494 2517 598 2556 unde
627 2521 665 2555 et
694 2514 832 2566 anguis
864 2513 1003 2552 dicitur
1070 2509 1252 2549 quicirs
1282 2510 1386 2551 dicit.
1450 2508 1614 2553 Obesis,
1646 2512 1812 2563 pressis,
1844 2510 1999 2550 clausis.

358 2574 422 2611 Vs.
453 2570 546 2612 498.
609 2569 873 2611 Studiorum,
905 2566 1170 2606 certaminum.

358 2629 422 2666 Vs.
454 2624 546 2666 499.
614 2624 759 2663 Victor
790 2634 937 2674 equus,
968 2626 1034 2661 aut,
1062 2620 1202 2660 nobilis
1234 2624 1301 2659 aut
1330 2619 1538 2658 multarum
1569 2618 1796 2670 palmarum.

357 2683 422 2721 Vs.
451 2680 543 2721 500.
608 2677 784 2720 Crebra,
817 2688 958 2716 nomen
991 2687 1061 2727 pro
1092 2674 1288 2714 adverbio.
1352 2671 1504 2711 Crebra
1531 2673 1633 2723 ferit
1663 2677 1701 2713 et
1730 2674 1860 2713 omina
1889 2671 2014 2726 figura
2043 2671 2174 2714 utitur.
2224 2670 2356 2712 Incer-

228 2744 313 2781 tus,
346 2735 605 2783 inrationalis,
638 2734 721 2772 sine
754 2733 907 2780 labore,
941 2731 1050 2770 cuius
1083 2730 1232 2780 [causa]
1247 2732 1303 2777 ⁹⁷)
1335 2740 1412 2767 non
1444 2733 1612 2780 apparet.
1823 2726 1848 2736 “”
2409 2732 2413 2733 ’

356 2889 409 2930 80)
435 2897 616 2922 aereum.
663 2885 715 2925 81)
740 2884 788 2917 ab
813 2893 910 2916 orea
937 2893 1070 2916 norea
1096 2889 1116 2921 q
1144 2886 1220 2914 est.
1257 2883 1311 2919 82)
1336 2880 1526 2922 iapagia,
1550 2881 1596 2911 ita
1621 2885 1652 2912 et
1677 2880 1786 2923 paullo
1813 2885 1888 2913 ante
1911 2880 2081 2923 scriptum.
2107 2878 2160 2921 83)
2175 2888 2355 2923 gapago.

230 2937 265 2978 4)
290 2934 482 2969 cohor-ta.
530 2934 580 2973 85)
605 2941 730 2963 umor.
778 2934 829 2962 86)
867 2928 1168 2971 hyperboliae.
1214 2927 1266 2968 87)
1292 2927 1483 2960 victima.
1530 2927 1580 2965 88)
1606 2924 1805 2969 indeque.
1853 2925 1905 2966 89)
1932 2925 2131 2969 indeque.
2179 2925 2231 2965 9⁰)
2255 2934 2356 2968 quo-

226 2983 383 3025 quitur.
409 2978 561 3021 91)Cod.
595 2979 626 3010 in
651 2975 711 3013 ln,
736 2974 963 3018 intelligendus
977 2970 1152 3006 estv.248
1168 2971 1240 3004 libri
1259 2972 1311 3013 vl,
1324 2970 1489 3004 Aeneidis.
1512 2970 1563 3012 92)
1589 2977 1841 3014 supposunt.
1864 2971 1917 3013 93)
1934 2970 2154 3004 dicendus.
2180 2968 2357 3011 &filibe-

228 3032 358 3060 ratur.
406 3026 456 3066 95)
483 3022 618 3057 Mostell.
645 3022 669 3063 1,
693 3019 733 3063 3,
758 3018 813 3054 61.
861 3020 912 3061 96)
938 3018 1176 3052 caniculae.
1231 3017 1283 3058 97)
1309 3017 1446 3051 Causa
1470 3016 1562 3049 deest
1589 3018 1619 3049 in
1644 3016 1717 3049 cod.
