2430 3177
1201 113 1266 160 20

169 259 192 287 a
219 246 414 295 Minerva3
454 248 544 286 sunt
572 243 637 295 qui
666 246 806 295 putant
833 241 910 282 olei
937 241 1144 283 humorem
1172 241 1371 281 Minervae
1398 240 1545 283 idcirco
1564 243 1622 290 ⁶⁸)
1653 241 1889 294 convenire,
1925 241 2034 295 quod
2071 241 2166 283 nulli
2195 242 2327 297 possit

169 303 326 342 misceri
355 302 626 351 incorruptus,
669 303 709 338 et
737 299 891 351 integer
918 296 1191 349 comparabilis
1221 297 1364 349 virgini
1393 296 1515 347 deae,
1555 309 1658 349 quae
1696 296 1839 337 eximio
1869 303 2031 350 parente
2059 303 2326 351 progenerata

171 362 244 409 est,
276 369 392 410 quam
421 354 648 406 sapientiam
675 353 994 404 interpretantur,
1029 353 1210 393 virtutem
1240 352 1522 403 inviolabilem,
1553 357 1597 392 ut
1626 352 1833 392 Homerus.
1890 355 2072 392 lusimus
2104 354 2207 394 dicit.

307 412 373 453 Vs,
408 408 469 449 19.
528 406 655 446 Puer.
712 408 820 447 Bene
849 412 980 448 autem
1007 408 1130 447 tacuit
1159 406 1208 446 de
1236 408 1396 447 nomine
1425 413 1464 447 et
1493 408 1733 461 generaliter
1763 408 1815 447 ait
1844 419 1955 459 puer,
1987 409 2078 459 quia
2106 419 2188 448 non
2216 419 2320 450 unus

171 471 341 508 aratrum
369 465 409 504 in
439 468 521 504 toto
552 463 649 503 orbe
677 464 923 513 monstravit,
954 462 1025 502 sed
1054 462 1211 502 diversi.
1270 460 1407 508 Puer,
1435 461 1716 515 Triptolemum
1736 463 1795 513 ⁶⁹)
1825 462 1918 502 dicit
1947 462 2053 503 Celei
2081 463 2226 514 filium,
2257 463 2324 505 alii

175 512 318 562 Osirim
348 523 483 571 putant
513 523 552 558 et
580 518 629 558 ob
656 530 773 569 quam
802 530 884 558 rem
915 518 972 558 ab·
993 518 1197 571 Aegyptiis
1228 518 1330 557 inter
1359 518 1455 558 deos
1486 519 1538 558 sit
1565 518 1726 558 relatus.
1749 540 1799 547 ——
1828 516 1955 562 Puer,
1986 517 2328 572 Triptolemusw).

176 576 295 616 Ceres
324 580 474 627 raptam
505 574 776 626 Proserpinam
805 586 894 614 cum
923 578 1131 625 quaereret
1153 574 1217 623 ⁷¹),
1248 573 1444 626 hospitata
1475 578 1536 613 est
1565 573 1666 625 apud
1689 572 1885 624 quendam
1916 578 1955 613 et
1983 585 2054 626 pro
2083 573 2330 618 humanitate

172 631 307 684 fruges
337 630 573 682 'sriplolemo
595 632 649 677 ⁷²)
681 628 787 669 dedit
817 633 1022 680 totumque
1050 628 1185 668 orbem
1215 629 1441 678 seminavit3
1483 628 1591 668 dedit
1619 629 1736 668 etiam
1765 627 1975 679 dracones,
2007 628 2148 681 quibus
2178 629 2329 670 iuuetis

173 685 370 728 adsideret
400 689 438 724 et
464 684 627 735 reliqua,
657 685 764 725 velut
793 684 968 725 Philorus
990 685 1048 734 ⁷³)
1077 685 1142 723 ait.

307 740 374 780 Vs.
404 737 470 780 20.
531 738 700 778 Silvano
730 751 980 791 cupressum,
1010 739 1106 780 deus
1138 739 1347 786 silvarum;
1377 737 1441 778 hic
1468 737 1661 779 adamavit
1682 749 1846 790 puerum
1868 738 2122 791 Cyparissum
2151 737 2328 790 nomine,

174 796 241 848 qui
266 795 436 835 habebat
465 796 818 836 mansuetissimam
847 807 1001 835 cervam
1022 797 1092 842 ⁷⁴).
1151 794 1260 833 Hanc
1298 805 1388 832 cum
1418 793 1597 834 Silvanus
1636 794 1796 833 nescius
1835 794 2071 843 occidisset,
2111 805 2210 845 puer
2248 804 2329 833 ex·-

175 852 318 891 tinctus
350 849 500 900 dolore,
532 862 648 902 quem
678 857 829 891 amator
858 850 956 890 deus
985 849 1178 890 convertit
1204 849 1244 888 in
1266 859 1497 901 cupressum
1516 849 1697 888 arborem
1728 849 1812 888 eius
1833 849 2014 900 nominis,
2055 860 2172 901 quam
2185 848 2330 890 solatio

203 910 334 946 ortare
361 904 512 944 dicitur.
2009 919 2013 922 ·

174 918 198 958 p
310 960 375 1000 Vs.
406 957 472 1000 21.
529 957 702 1012 Diique.
758 959 850 1000 Post
869 959 1079 1012 specialem
1099 959 1389 999 invocationem
1419 957 1654 1011 generaliter
1683 956 1788 1008 dicit,
1819 969 1871 997 ne
1896 957 2004 1010 quod
2032 959 2178 998 numen
2205 969 2328 1011 prae-

178 1020 315 1056 tereat.
372 1014 478 1055 Haec
507 1015 575 1065 [in]
607 1015 911 1069 indigitamentis
943 1015 1212 1064 inveniuntur,
1243 1014 1282 1054 id
1313 1017 1373 1053 est
1399 1013 1439 1052 in
1467 1013 1574 1054 libris
1601 1013 1909 1067 pontificalibuS,
1938 1014 2006 1066 qui
2032 1013 2192 1054 nomina
2221 1013 2333 1054 deo-i

177 1083 264 1111 rum
294 1075 333 1111 et
357 1070 530 1110 rationes
561 1072 761 1111 nominum
791 1071 967 1122 ipsorum
997 1071 1209 1110 continent.
1240 1091 1294 1098 —-
1329 1067 1456 1107 Tueri
1485 1080 1556 1121 pro
1586 1068 1734 1110 tuendi.

307 1126 374 1165 Vs.
406 1124 469 1165 22.
528 1123 627 1164 Non
656 1125 744 1164 ullo
775 1125 936 1169 semine,
969 1137 1048 1164 non
1077 1125 1201 1165 iactas
1234 1137 1257 1163 a
1287 1124 1416 1164 nobis.

285 1181 379 1220 *Vs.
409 1178 476 1220 23.
537 1179 666 1225 Satis,
697 1180 910 1221 seminatis,
939 1202 994 1208 —-
1028 1177 1165 1225 Caelo,
1201 1179 1312 1219 deest
1341 1191 1363 1218 e
1395 1178 1518 1218 caelo.
1909 1195 1912 1198 ·

311 1236 378 1275 Vs.
410 1233 474 1275 24.
538 1234 692 1287 Tuque,
724 1248 746 1275 o
778 1235 935 1275 Caesar.
993 1234 1183 1274 Adolatur
1215 1234 1436 1283 Caesarem,
1468 1244 1585 1284 quem
1614 1237 1732 1273 vocat
1759 1233 1864 1272 inter
1889 1231 2009 1283 deos,
2040 1231 2131 1285 quia
2161 1232 2327 1274 deorum

179 1292 433 1343 imperatores
463 1295 553 1343 post
580 1295 744 1330 mortem
775 1290 966 1330 honorem
996 1295 1235 1330 meruerunt.
1295 1288 1441 1328 Caesar
1469 1292 1599 1328 autem
1628 1288 1667 1327 in
1687 1289 1764 1327 vita
1785 1288 1958 1328 honores
1989 1288 2128 1328 meruit
2159 1288 2328 1340 divinos,

178 1351 220 1387 ut
249 1346 432 1386 Horatius
463 1346 534 1386 ait:
571 1346 788 1396 praesenti
824 1343 905 1383 tibi
933 1349 1114 1383 maturos
1147 1343 1347 1396 laryirnur
1387 1342 1565 1381 honores
1604 1342 1886 1395 iurandasque
1927 1347 2040 1381 tuum
2075 1355 2156 1394 per
2183 1354 2330 1382 numen

175 1401 367 1454 ponimus
399 1412 513 1444 aras,
552 1400 658 1440 unde
698 1401 800 1440 male
839 1400 998 1452 quidam
1028 1400 1184 1454 culpant
1221 1399 1425 1453 Virgilium
1465 1398 1659 1438 dicentem
1684 1398 1850 1440 laudem
1889 1408 1971 1452 per
1994 1399 2195 1440 interitum
2205 1411 2218 1449 3
2257 1397 2330 1440 sed

182 1457 394 1498 maximum
423 1460 484 1495 est
512 1455 626 1497 deum
659 1456 754 1496 fieri.

314 1512 381 1551 Vs.
412 1509 478 1551 25.
536 1509 742 1550 Incertum
773 1515 854 1555 est,
892 1522 1009 1562 quem
1047 1509 1165 1550 deum
1203 1520 1295 1550 esse
1334 1513 1374 1550 te
1401 1508 1522 1560 velis,
1561 1513 1694 1549 utrum
1722 1508 1822 1550 caeli
1849 1520 1900 1550 an
1928 1508 2072 1560 maris,
2111 1508 2174 1550 vel
2200 1513 2332 1551 terrae

183 1565 387 1620 possideas
416 1567 633 1618 imperium.
692 1569 846 1605 GALLus
876 1565 980 1606 dicit.

314 1621 382 1661 Vs.
413 1619 478 1661 26.
537 1620 762 1665 Maoeimus,
792 1626 912 1670 totus,
944 1626 1007 1661 ut:
1040 1634 1122 1674 quo
1150 1620 1333 1659 maxima
1363 1623 1477 1658 motu
1505 1623 1617 1658 terra
1645 1619 1824 1658 tremuit.
1882 1621 2066 1658 lusimus
2097 1618 2202 1660 dicit.

315 1676 382 1715 Vs.
414 1674 480 1716 27.
537 1675 775 1719 Auctorem,
805 1676 852 1714 ab
882 1676 1064 1728 augendo
1095 1676 1223 1715 dictus
1251 1676 1360 1715 velut
1388 1680 1518 1723 sator,
1557 1679 1620 1713 ut:
1657 1677 1703 1713 tu
1730 1674 1944 1723 sanguinis
1973 1673 2142 1713 ultimus
2167 1678 2327 1715 auctor.

184 1732 364 1770 luximus
394 1730 497 1771 dicit.
527 1754 583 1761 —
617 1730 940 1781 Tempestatum,
970 1734 1204 1781 temporum,
1234 1733 1448 1780 potentem
1476 1729 1635 1780 ubique.

320 1786 387 1825 Vs.
419 1784 484 1826 28.
547 1784 739 1838 Cinyens,
770 1796 938 1833 ornans;
967 1789 1198 1836 myrtoque,
1227 1787 1267 1824 in
1296 1784 1487 1824 honorem
1518 1782 1702 1832 Veneris,
1741 1793 1764 1823 a
1794 1794 1872 1834 qua
1901 1782 2108 1836 Augustus
2138 1782 2331 1837 originem
2388 1787 2419 1814 ·’

185 1838 306 1880 duxit.
367 1842 523 1880 Ganos
551 1842 655 1882 dicit.
686 1864 741 1871 --
771 1840 968 1879 Materna
997 1845 1186 1891 tempora
1213 1843 1346 1892 myrto
1377 1850 1448 1891 pro
1476 1838 1585 1879 Iliam
1614 1843 1773 1892 gentem
1791 1837 1852 1886 ὲξ).
1910 1841 2095 1878 lUMLmS
2125 1839 2261 1880 dicit-⁸
2292 1868 2295 1872 -

320 1896 386 1935 Vs.
420 1894 486 1937 29.
543 1894 733 1941 Inmensi,
763 1897 881 1936 totius
908 1895 1039 1935 maris.

317 1950 384 1990 Vs.
415 1949 481 1992 30.
544 1950 663 2000 Sola,
694 1963 848 2004 magna.
912 1948 1053 2002 Thyle,
1083 1949 1210 1991 insula
1232 1948 1379 1991 Oceani
1405 1949 1506 1989 inter
1534 1947 1842 2002 septentrionem
1871 1951 1912 1988 et
1936 1947 2199 2002 occidentem,
2229 1949 2331 1992 ultra

184 2005 420 2045 Britanniam
449 2007 750 2058 Hiberniamque
779 2010 816 2046 et
847 2005 1035 2046 Orcadas,
1729 2029 1737 2031 „

320 2062 387 2100 Vs.
418 2060 482 2102 31.
546 2059 764 2105 Generum,
804 2061 928 2101 virum
961 2059 1075 2100 filiae.
1149 2057 1324 2112 Tethys,
1356 2066 1459 2100 uxor
1488 2058 1672 2110 Oceano,
1708 2057 1974 2112 Nympharum
2003 2063 2144 2099 mater.¹
2203 2058 2331 2100 Emat

188 2116 241 2156 ait
282 2116 330 2157 ad
361 2118 560 2168 antiquum
598 2117 819 2168 nuptiarum
858 2117 974 2155 ritum
1005 2116 1193 2168 pertinet,
1233 2126 1311 2167 quo
1350 2126 1396 2155 se
1423 2115 1485 2156 vir
1521 2119 1560 2154 et
1589 2126 1691 2154 uxor
1726 2114 1892 2154 invicem
1922 2113 2114 2154 emebant.
2172 2115 2330 2158 Gar-taus

189 2170 292 2212 dicit.
322 2193 376 2199 ——
412 2170 578 2225 Tethys,
609 2173 717 2211 iuxta
745 2172 935 2212 honorem
963 2171 1250 2212 inmortalitatis
1280 2170 1392 2211 deam
1422 2181 1587 2210 uxorem
1617 2169 1805 2222 adiungit.
1861 2171 2043 2209 tammus
2070 2170 2136 2210 ait.

321 2227 387 2267 Vs.
417 2225 483 2268 32.
548 2225 712 2270 Turdis,
742 2227 884 2279 longiS,
916 2227 1127 2266 maioribus
1159 2227 1318 2266 aestatis
1346 2226 1490 2266 utilius.
1547 2225 1758 2278 Eleganter
1785 2223 1878 2264 dicit
1905 2224 2051 2276 tardis,
2077 2222 2189 2278 quasi
2214 2223 2328 2266 futu-

190 2294 277 2322 rum
307 2284 367 2331 sit,
400 2295 488 2321 cum
520 2282 665 2321 Caesar
692 2282 805 2321 iverit
826 2284 880 2328 ⁷⁵)
911 2283 949 2322 in
980 2282 1130 2321 caelum
1160 2281 1361 2321 hominum
1388 2281 1468 2320 vita
1497 2280 1689 2320 tendatur.

324 2338 389 2377 Vs.
421 2335 484 2378 33.
542 2336 783 2388 Eriyoncn,
813 2337 896 2389 ipsa
927 2341 988 2376 est
1013 2337 1124 2389 virgo
1155 2337 1348 2393 Erigone,
1379 2335 1478 2375 Icari
1495 2335 1552 2385 ⁷⁰)
1586 2332 1838 2374 Atheniensis
1866 2332 1962 2384 filia,
1993 2335 2094 2374 inter
2123 2333 2330 2376 duodecim

192 2393 303 2444 signa
343 2392 624 2432 essenicitur.
681 2392 797 2431 Modo
836 2391 1053 2431 secundum
1093 2390 1312 2432 Chaldaeos
1339 2391 1512 2442 loquitur
1542 2390 1698 2439 dicens,
1739 2401 1827 2438 eum
1862 2400 1981 2441 posse
2016 2389 2162 2430 habere
2198 2390 2330 2432 locum

191 2447 292 2486 inter
321 2449 517 2498 scorpium
547 2453 584 2488 et
613 2447 806 2500 virginem
845 2447 906 2486 vel
934 2448 1091 2497 sirium,
1131 2451 1171 2486 et
1200 2447 1296 2486 ordo
1326 2446 1408 2485 hic:
1446 2445 1486 2484 in
1507 2449 1561 2492 ⁷⁷)
1592 2457 1668 2496 qua
1698 2444 1810 2484 lo'cus
1837 2445 1924 2496 ipse
1960 2445 2027 2484 tibi
2057 2444 2238 2497 panditur
2258 2445 2329 2496 ⁷⁸).

192 2499 432 2552 Eriyonen‚
469 2507 606 2554 tropus
637 2502 863 2555 metaphora
884 2505 952 2550 ⁷⁹).
1012 2502 1210 2555 Erigonen
1249 2506 1379 2542 autem
1415 2501 1604 2541 iustitiam
1641 2499 1745 2540 dicit.
1803 2499 1917 2539 Liber
1948 2504 2060 2552 pater
2085 2511 2156 2552 pro
2186 2499 2330 2553 hospi-
2358 2526 2361 2527 ν

193 2557 247 2596 tio
273 2556 327 2603 8⁰)
359 2556 468 2596 Icaro
498 2559 725 2598 Atheniensi
755 2558 886 2596 vinum
916 2556 1022 2597 dedit
1051 2562 1089 2596 et
1116 2569 1230 2598 usum
1261 2556 1339 2597 vini
1366 2556 1596 2596 monstravit
1606 2568 1619 2604 ;
1657 2559 1697 2594 at
1732 2554 1799 2594 ille
1834 2555 2056 2606 pastoribus
2094 2565 2215 2606 quum
2250 2555 2329 2595 de-

194 2611 319 2651 disset
348 2616 387 2651 et
410 2612 464 2651 illi
493 2613 701 2664 cupiditate
729 2624 809 2652 non
838 2625 1002 2665 parvum
1030 2612 1232 2663 bibissent,
1262 2622 1402 2653 somno
1431 2615 1523 2652 sunt
1551 2610 1743 2664 oppressi,
1774 2621 1943 2661 quorum
1968 2610 2330 2663 parentes„aesti·
2384 2620 2396 2624 ·

329 2767 380 2808 68)
410 2765 514 2799 Cod.:
541 2765 721 2800 idcirca.
780 2769 831 2810 69)
849 2767 950 2802 Cod.:
978 2769 1308 2812 treptulemum.
1367 2770 1421 2806 70)
1455 2767 1558 2803 Cod.=
1583 2767 1864 2811 trepolemus.
1921 2766 1973 2810 71)
2007 2765 2110 2802 Cod.:
2147 2767 2327 2802 coleret.

166 2814 168 2816 ’
195 2811 371 2854 ¹12JCod.:
396 2811 662 2855 Trepulemo.
708 2813 758 2855 713)
776 2813 830 2846 Sic
854 2816 886 2846 in
910 2815 1034 2848 codice.
1091 2815 1325 2859 Intelligendus
1351 2825 1425 2848 esse
1450 2814 1576 2848 videtur
1610 2815 1679 2847 sive
1703 2813 1939 2856 Philochorus,
1977 2813 2032 2858 qui
2057 2816 2089 2846 in
2113 2813 2246 2847 Atthide
2268 2824 2329 2848 sua

197 2860 267 2892 sine
292 2858 391 2891 dubio
415 2859 512 2891 etiarn
538 2857 579 2890 de
605 2857 723 2892 Cerere
738 2884 747 2899 ,
771 2859 966 2902 Triptolemo
990 2861 1125 2904 aliisque
1147 2860 1189 2894 ad
1213 2862 1362 2903 mysteria
1385 2859 1606 2904 spectantibus
1630 2859 1728 2892 rebus
1751 2859 1878 2893 locutus
1898 2865 1984 2902 erat,
2009 2860 2080 2893 sive
2102 2858 2331 2903 Philostepha-

197 2915 257 2936 nus
283 2904 352 2946 (de
377 2903 563 2945 inventis),
588 2905 680 2937 cuius
706 2907 825 2938 mentio
851 2906 937 2948 apud
962 2906 1110 2940 Servium
1132 2907 1177 2939 fit.
1223 2908 1274 2948 74)
1300 2905 1402 2940 Cod.:
1427 2916 1532 2939 ceva
1547 2916 1590 2938 m.
1636 2905 1674 2947 ὕ)
1700 2905 1831 2938 Iunilius
1856 2907 1953 2950 igitur
1977 2906 2127 2948 opinatus
2153 2911 2212 2946 est,
2235 2915 2329 2939 ma-

198 2955 320 2983 terna
344 2952 567 2983 accusativum
593 2960 659 2983 non
682 2950 856 2985 ablativum
880 2961 965 2984 esse.
1022 2953 1073 2994 ⁷5)
1099 2952 1201 2986 Cod.:
1227 2952 1374 2986 bierit.
1435 2952 1486 2993 ’16)
1522 2952 1558 2985 In
1581 2951 1695 2985 codice
1732 2950 1794 2983 hoc
1819 2959 1939 2984 nomen
1973 2953 2004 2984 in
2030 2956 2095 2984 tota
2119 2950 2330 2985 adnotatione
2388 2951 2390 2953 “

199 2993 398 3037 Incarus,
421 2996 558 3028 Iacari
583 3001 644 3029 etc.
669 2995 831 3030 scribitur.
876 2997 928 3038 ⁷7)
955 2996 1059 3030 Cod.:
1084 2998 1151 3031 hic
1175 3009 1236 3031 em
1261 3009 1351 3043 qua.
1383 2998 1435 3041 ¹18)
1460 2997 1641 3031 Scholiasta
1664 3002 1818 3041 punctum
1842 3007 1908 3030 non
1930 3001 2006 3042 post
2029 2996 2248 3042 panditur,
2268 2995 2328 3032 sed

199 3045 274 3082 post
298 3040 376 3074 tibi
400 3042 433 3074 in
457 3041 578 3085 Virgilii
599 3052 696 3076 versu
719 3044 838 3086 posuit.
884 3044 935 3085 79)
962 3042 1063 3077 Cod.:
1089 3046 1205 3087 trop'
1230 3054 1321 3078 mea
1344 3043 1448 3078 fera.
1493 3045 1545 3087 8⁰)
1570 3043 1671 3078 Cod.:
1695 3043 1888 3088 ospicio.
2290 3040 2294 3044 ’
