2430 3177
1216 105 1275 152 16

169 257 214 287 os
247 255 402 285 sursum
434 240 570 292 aspicit
597 239 636 279 in
666 238 814 279 vultum
843 235 1059 276 ludentium
1071 238 1142 283 ⁵⁴).
1201 232 1335 278 Pinn,
1366 235 1406 274 in
1436 246 1558 276 cornu
1578 235 1684 289 pinu.
1706 260 1760 269 --
1795 234 1959 276 Oscilla
1985 251 2039 277 ex
2069 237 2158 277 alta
2177 242 2216 280 et
2243 249 2316 279 re-

168 302 285 352 liqua.
344 299 475 338 Icarus
489 298 545 343 ⁵⁵)
576 293 851 342 Atheniensis,
895 297 1004 344 pater
1034 291 1226 344 Erigones
1260 295 1297 329 et
1326 289 1471 339 filia50)
1513 304 1601 331 cum
1632 304 1654 331 a
1684 291 1823 331 Libero
1853 297 1963 343 patre
1991 306 2107 334 usum
2137 294 2218 334 vini
2248 293 2315 334 di-

170 356 350 402 dicisset,
383 352 531 392 civibus
562 351 643 390 suis
675 348 873 398 exhibuit,
912 348 1058 398 quique
1088 358 1178 386 cum
1209 345 1303 384 ebrii
1332 349 1506 385 iacerent
1535 351 1579 386 ut
1608 347 1751 387 mortui
1781 347 1855 387 visi
1875 352 1987 397 sunt,
2020 361 2097 400 quo
2127 348 2318 403 indignati

170 410 287 451 ceteri
316 406 536 456 Icarum⁵⁷]
576 404 856 456 lapidaverunt.
915 402 1038 441 Huius
1079 402 1185 441 canis
1217 399 1266 440 ad
1294 401 1505 454 Erigonem
1544 401 1662 441 filiam
1697 413 1810 442 suam
1849 404 2045 455 pervenit,
2086 416 2188 455 quae
2226 415 2318 444 cum

169 477 256 506 eum
287 463 469 503 comitata
499 460 547 501 ad
577 461 696 513 patris
724 458 890 499 cadaver
918 457 1185 510 pervenisset,
1218 456 1359 507 laqueo
1390 457 1506 496 vitam
1528 456 1671 505 finivit,
1702 462 1740 497 et
1768 458 1866 497 haec
1893 457 1965 497 diis
1984 459 2085 498 inter
2114 458 2220 500 astra
2239 458 2318 499 ad·-

168 521 243 560 lata
277 523 357 567 est3
388 519 520 569 itaque
539 514 802 556 Athenienses
833 513 882 553 ob
905 513 1133 553 memoriam
1155 511 1398 551 celebrantes
1418 511 1515 551 filias
1538 524 1631 552 suas
1653 512 1805 564 laqueis
1826 513 2113 565 suspendentes
2146 517 2184 553 et
2201 513 2318 555 funes

168 576 207 615 in
237 585 432 613 summum
472 570 758 623 suspendentes
773 573 828 617 58)
861 573 978 620 atque
1015 569 1054 607 in
1084 567 1239 620 duplico
1269 566 1572 618 supersedentes
1601 567 1680 609 huc
1719 573 1838 620 atque
1873 569 1966 609 illuc
2004 572 2098 608 eunt
2135 570 2318 621 suspensi

168 629 373 678 ludenteS,
415 639 532 679 quem
568 626 702 666 sunem
731 625 843 665 lusus
883 623 1018 665 oscilla
1048 623 1352 676 appellaverunt.
1411 621 1487 662 Alii
1525 623 1679 673 dicunt,
1719 628 1809 676 post
1849 628 2016 664 mortem
2053 623 2177 664 Latini
2211 624 2319 677 regis

170 684 448 737 quaesiverunt
480 685 638 729 eum59)
669 682 707 720 in
738 686 862 730 terra,
902 679 942 718 in
973 679 1069 718 mari
1099 683 1137 717 et
1167 689 1358 729 nusquam
1389 678 1590 718 inventum
1623 681 1749 727 estw)
1783 690 1927 729 corpus
1957 680 2042 718 eius
2052 692 2064 728 3
2104 678 2318 730 quaesive-

169 744 259 780 runt
289 739 329 778 in
368 743 459 780 aere
489 741 527 778 et
565 735 822 789 suspendisse
859 735 953 786 [se]
983 734 1023 773 in
1051 734 1193 786 laqueo
1225 734 1452 782 [inventum
1493 735 1602 784 est],
1644 738 1683 773 et
1716 734 2036 783 initiaverunt⁶¹)
2077 733 2155 774 hoc
2191 744 2319 787 genus

170 794 318 835 mortis,
2151 810 2154 812 ,

303 849 371 887 Vs.
402 845 495 887 394.
555 844 739 889 Patriis,
771 844 916 884 Latinis
947 843 1008 884 vel
1036 842 1242 893 Romanis,
1281 854 1371 882 nam
1403 853 1522 896 supra
1553 842 1602 883 de
1633 842 1792 884 Graecis
1822 844 1946 884 sacris
1975 847 2036 884 est
2064 843 2234 885 locutus.
2264 866 2317 873 —-

170 902 353 947 Lances,
382 907 564 942 stateraS.

302 959 368 998 Vs.
400 956 492 998 395.
558 946 713 1000 Stabit,
734 955 913 1007 placebit.
935 977 987 982 —
1009 953 1163 991 Hircus
1186 952 1241 991 ad
1260 965 1383 998 aram,
1404 956 1516 1002 ut⁶²)
1540 957 1581 992 et
1601 958 1779 992 statuam
1789 955 1846 1002 ⁶⁸)
1871 957 1967 992 ante
1988 966 2081 992 aras
2102 954 2319 1005 auratau)

167 1016 311 1066 fronte
331 1014 550 1051 imwnenm.
612 1012 774 1059 Quoties
786 1014 842 1059 ⁰5)
874 1014 1002 1049 autem
1026 1009 1165 1049 devota
1181 1008 1335 1048 victima
1358 1011 1499 1061 rumpit
1516 1015 1553 1049 et
1575 1009 1696 1063 sugit,
1728 1022 1914 1062 magnum
1935 1009 2095 1050 exitium
2112 1008 2320 1063 significat.

305 1070 370 1108 Vs.
402 1065 494 1108 396.
563 1066 756 1112 Veribns,
786 1065 972 1114 sudibus3
1005 1069 1125 1109 exta,
1156 1064 1339 1104 intestina
1359 1064 1587 1105 hostiarum.
1609 1089 1659 1094 —
1695 1062 1889 1102 Colnrnz's
1920 1076 1989 1116 per
2018 1065 2319 1105 transmutatio-

169 1138 259 1165 nem
289 1125 488 1165 literarum
519 1122 627 1162 dixit.
685 1122 827 1161 Debuit
855 1121 986 1160 dicere
1017 1120 1187 1172 corylnis
1200 1120 1272 1168 ⁶⁸).
1330 1119 1423 1159 Ideo
1453 1120 1681 1160 evellendae
1712 1124 1803 1158 sunt
1822 1120 1897 1158 hae
1923 1119 2060 1172 virgae
2089 1119 2136 1158 ab
2165 1119 2322 1160 inimica

170 1181 312 1221 arbore
335 1179 373 1220 id
404 1183 463 1218 est
492 1178 649 1228 vitibus,
680 1183 723 1218 ut
751 1176 889 1223 ibim:
921 1188 1018 1213 net-e
1050 1176 1156 1213 inter
1188 1175 1287 1212 cites
1320 1174 1502 1227 corylum
1532 1187 1632 1219 sere,
1664 1175 1754 1226 quia
1784 1174 1886 1214 sicut
1907 1186 2023 1226 caper
2053 1174 2230 1215 inimicus
2260 1178 2322 1216 est

170 1236 336 1283 vitibus,
366 1235 419 1273 ita
443 1233 617 1285 corylus,
648 1237 687 1271 et
707 1232 795 1271 ideo
825 1233 864 1272 in
894 1230 1014 1284 virgis
1037 1231 1096 1270 his
1118 1230 1305 1271 ultionem
1327 1231 1524 1281 capientes
1537 1234 1593 1278 8Β)
1617 1235 1705 1270 exta
1725 1229 1944 1270 hoedorum
1964 1229 2087 1270 sacris
2105 1229 2319 1270 torrebant.

302 1290 369 1330 Vs.
401 1287 495 1329 397.
554 1287 634 1326 Est
665 1287 810 1331 etiam,
837 1287 913 1326 iam
944 1286 1128 1338 paulatim
1158 1284 1280 1325 tendit
1310 1284 1357 1323 ad
1389 1285 1524 1324 vitium
1554 1285 1757 1325 culturam.
2017 1302 2023 1305 Α

305 1346 371 1384 Vs.
404 1341 497 1385 398.
556 1342 791 1391 Exhausti,
832 1342 1075 1394 consumpti,
1106 1340 1172 1381 vel
1199 1339 1379 1380 exhausti
1408 1339 1447 1380 id
1478 1345 1538 1380 est
1567 1339 1861 1391 examissionis,
1900 1337 2154 1388 finitionis⁶⁹)
2185 1339 2318 1390 conti-

171 1411 270 1441 nens
299 1401 432 1441 vitem.

307 1456 372 1494 Vs.
403 1453 495 1495 400.
554 1452 797 1498 Aeternum,
828 1464 1007 1505 semper,
1038 1456 1239 1506 perpetuo.
1265 1474 1315 1481 —-
1348 1450 1605 1496 levandum,
1637 1450 1898 1504 spoliandum.

307 1511 374 1550 Vs.
405 1508 499 1549 401.
559 1508 735 1556 Nemus,
762 1520 902 1549 nemus
929 1509 1131 1548 vinearum
1162 1507 1480 1561 intellegendum.
1504 1531 1553 1536 —-
1587 1506 1728 1546 Labor
1759 1512 1875 1545 octus
1905 1506 1949 1544 in
1971 1503 2122 1550 orbem,
2153 1514 2321 1548 annuus.

307 1566 373 1605 Vs.
404 1562 498 1605 403.
557 1564 621 1602 Ao
653 1565 754 1609 iam,
784 1576 871 1604 cum
901 1564 977 1603 iam
1009 1563 1123 1612 olim,
1154 1563 1218 1603 hic
1248 1574 1445 1614 quemque
1475 1563 1681 1615 significat,
1704 1567 1743 1602 et
1771 1562 1952 1610 finalew)
1979 1566 2132 1614 tempus
2153 1565 2213 1601 est
2243 1573 2321 1602 au-

173 1621 306 1664 tumni.
341 1643 391 1649 -—
429 1619 573 1670 Seras,
602 1620 810 1672 pristinas,
841 1618 903 1658 vel
932 1629 1042 1658 seras
1071 1617 1246 1668 frondes,
1274 1629 1365 1657 sero
1397 1617 1606 1667 cadentes;
1646 1616 1756 1658 tarde
1785 1618 1889 1657 enim
1918 1616 2136 1668 spoliantur
2162 1615 2321 1657 frondi-

277 1677 388 1716 vites.

173 1678 247 1718 bus
307 1731 372 1770 Vs.
403 1727 498 1770 404.
556 1727 759 1780 Ρνίῃὶιῑαε
795 1732 834 1768 et
872 1727 1043 1780 reliqua,
1082 1730 1293 1766 Vannoxis
1331 1727 1395 1767 hic
1434 1738 1575 1767 versus
1606 1730 1677 1767 est.
1710 1749 1760 1755 —
1800 1725 2034 1770 Honorem,
2068 1724 2320 1776 foliorum⁷¹)

174 1791 375 1881 ornatugls.
405 1838 500 1881 405.
560 1836 666 1877 Acer
694 1849 773 1878 non
804 1837 986 1889 quilibet,
1025 1836 1095 1877 sed
1127 1849 1218 1878 acer
1242 1842 1281 1877 et
1309 1836 1491 1890 diligens.
1518 1858 1572 1865 -—
1616 1834 1746 1875 Curas
1785 1836 2010 1875 venientem
2049 1835 2242 1875 extendit
2277 1835 2322 1875 in

177 1910 349 1943 anitum,
380 1896 637 1936 meditaturus
667 1893 841 1933 futurum
869 1893 1054 1932 laborem.

309 1953 376 1992 Vs.
406 1949 499 1991 406.
558 1949 719 1999 Dente,
760 1948 872 1989 falce.
905 1971 958 1976 —-
1008 1945 1203 1995 Saturni,
1234 1947 1301 1999 qui
1329 1947 1370 1987 in
1399 1947 1484 1987 eius
1514 1946 1727 1998 tutela⁷²);
1755 1946 1969 1999 relictam,
2007 1958 2088 1988 non
2125 1944 2322 1988 desertam

178 2009 239 2049 vel
267 2007 512 2060 neglectam,
545 2005 616 2047 sed
644 2004 774 2044 fructu
804 2003 932 2044 ablato
961 2002 1198 2042 derelictam.

311 2063 377 2102 Vs.
407 2059 501 2102 407.
565 2060 731 2110 Finyz't,
763 2058 969 2110 conponit,
1000 2063 1043 2097 ut
1071 2058 1122 2097 ibi
1154 2070 1334 2108 corpora
1360 2058 1519 2109 fi'nyere
1546 2056 1707 2109 linyua.

312 2118 377 2158 Vs.
408 2115 503 2157 408.
561 2113 840 2164 Det-eccae),
872 2114 1030 2153 domum
1060 2118 1258 2164 asportata
1287 2112 1326 2152 id
1357 2118 1416 2152 est
1446 2113 1565 2152 debes
1596 2112 1800 2153 mundare.
2011 2137 2014 2142 -

312 2173 379 2212 Vs.
409 2169 504 2212 409.
567 2169 806 2220 Sarmenta,
837 2181 915 2209 non
947 2169 1058 2220 quasi
1088 2169 1320 2220 praecipiat,
1358 2173 1401 2207 ut
1431 2173 1653 2219 crementur
1669 2168 1746 2218 ⁷⁴),
1787 2167 1858 2208 sed
1897 2172 2127 2222 conportato
2161 2166 2323 2221 primus,

180 2240 282 2280 quae
313 2232 556 2268 crematurus
586 2227 675 2265 eris.
709 2247 759 2252 —
814 2223 979 2274 Vallos,
1020 2223 1176 2275 furcas,
1208 2225 1342 2264 vitium
1384 2222 1651 2264 sustentacula
1663 2235 1676 2272 ;
1715 2222 1787 2261 sub
1826 2228 1939 2263 tecta
1977 2223 2157 2274 referto,
2194 2234 2246 2263 ne
2282 2222 2323 2264 in

177 2284 287 2324 brevi
316 2283 537 2335 depereant.

315 2339 381 2377 Vs.
411 2335 504 2377 410.
563 2334 801 2374 Postremus
814 2335 890 2385 ⁷⁵),
927 2340 969 2375 ut
999 2335 1048 2374 sit
1076 2334 1207 2373 vinum
1248 2333 1459 2385 optimum3
1498 2332 1547 2373 ad
1576 2333 1750 2373 laborem
1781 2333 1948 2387 primum
1981 2331 2211 2374 reconvenit
2245 2331 2323 2374 ad·-

180 2393 267 2432 foro
298 2398 334 2432 et
365 2393 411 2432 ad
440 2393 590 2433 fructus
621 2390 811 2443 legendos
842 2390 1041 2438 ultimum3
1073 2389 1240 2434 metito,
1270 2388 1501 2439 considera,
1532 2389 1734 2441 praecide,
1765 2389 1899 2442 legito.
1928 2411 1984 2417 —
2011 2387 2251 2427 Postremus
2264 2387 2324 2440 ⁷⁵)

181 2448 348 2495 metito,
380 2447 416 2486 id
449 2453 508 2487 est
536 2447 681 2499 legit03
710 2451 936 2498 perseverat
965 2446 1065 2485 enim
1095 2444 1133 2483 in
1164 2444 1436 2494 translatione,
1467 2448 1511 2483 ut
1539 2444 1722 2496 quoniam
1752 2443 1971 2485 vindemiae
1999 2448 2175 2497 segetem
2205 2443 2324 2484 dixe-

182 2507 263 2553 rat,
295 2502 513 2542 metendam
544 2501 708 2548 eandem
738 2500 970 2541 vindemiam
1001 2499 1149 2539 diceret
1178 2511 1248 2551 pro
1281 2498 1553 2553 colligendam.
1613 2497 1852 2537 Postremus
1866 2499 1923 2549 ⁷⁵]
1953 2503 2096 2549 autem,
2127 2502 2171 2538 ut
2190 2502 2324 2539 matu..

181 2558 263 2597 rius
295 2558 366 2606 sit,
400 2558 488 2607 quia
519 2553 663 2608 quanto
696 2555 885 2595 maturior
915 2554 1032 2594 fuerit
1061 2555 1160 2594 lecta
1191 2553 1406 2603 vindemia,
1439 2558 1546 2594 tanto
1586 2553 1738 2594 dulcius
1769 2553 1874 2593 dabit
1912 2553 2066 2602 vinum;
2105 2553 2163 2594 sic
2194 2557 2324 2595 autem

182 2617 332 2652 metere
360 2623 431 2664 pro
461 2611 594 2663 legere
622 2611 739 2660 dixit,
776 2615 819 2651 ut
849 2610 939 2651 alibi
968 2609 1051 2648 duo
1082 2613 1271 2661 tempora
1300 2609 1436 2647 messis
1448 2607 1521 2660 ς·“),
1553 2621 1643 2649 cum
1671 2608 1767 2661 [de]
1798 2608 1912 2649 melle
1940 2607 2161 2663 colligendo
2172 2609 2226 2659 ⁷³)
2255 2607 2323 2650 lo-

183 2671 380 2719 queretur.

231 2834 281 2875 54)
316 2833 409 2866 ulti‘i
447 2832 710 2866 ludencium.
759 2831 810 2872 55)
849 2831 1041 2863 iakarus.
1088 2832 1140 2873 56)
1176 2829 1558 2874 erigoniS.1.filia.
1606 2831 1657 2872 57)
1692 2831 1901 2864 iakarum.
1957 2830 2009 2872 58)
2044 2840 2249 2864 summum
2281 2831 2324 2863 in

186 2879 558 2920 ususpendentes.
606 2878 656 2918 59)
683 2887 782 2909 eam.
821 2877 872 2918 60)
897 2879 1107 2910 inventus
1133 2883 1163 2911 ἓ.
1205 2878 1254 2918 61)
1281 2877 1585 2919 suspendisse
1610 2878 1648 2909 iu
1674 2877 1753 2920 laq:
1780 2888 1799 2909 e
1825 2882 1866 2909 et
1889 2877 2098 2910 iniciaue
2118 2879 2144 2916 ἶ
2169 2877 2220 2918 62)
2237 2876 2324 2910 Aen.

186 2923 251 2964 IX,
276 2923 354 2957 627.
401 2925 451 2965 63)
479 2929 520 2956 ut
544 2929 611 2956 est
637 2928 778 2955 antem
804 2929 922 2955 ante.
971 2923 1021 2963 64)
1048 2934 1148 2956 aras
1174 2933 1276 2956 aura
1301 2934 1350 2955 ea
1377 2923 1537 2956 fronte.
1587 2922 1637 2963 65)
1673 2925 1885 2955 iuuencus
1912 2923 2113 2965 quocies.
2158 2922 2210 2963 66)
2245 2932 2324 2956 co-

186 2969 311 3013 rylis.
359 2970 409 3010 67)
437 2969 554 3011 Georg.
575 2969 620 3009 11,
645 2966 723 3002 299.
771 2972 822 3005 68)
848 2969 1148 3011 capientibus.
1197 2969 1247 3010 69)
1274 2968 1471 3002 ficionis.
1522 2969 1574 3011 70)
1608 2969 1776 3001 finiale.
1823 2969 1874 3010 71)
1909 2968 2121 3002 filiorum.
2169 2962 2221 3009 72)
2254 2973 2325 3001 tu-

187 3014 638 3093 tella,¹liitseredse1111›er.
689 3014 740 3056 73)
775 3013 1023 3047 deuectam.
1071 3015 1122 3057 ⁷⁴)
1159 3020 1255 3048 uter
1291 3019 1504 3048 ementur.
1565 3015 1617 3056 75)
1654 3014 1895 3048 Postemus.
1942 3013 1980 3056 ⁴*)
2013 3013 2219 3058 Georg.IV‚
2243 3011 2324 3049 231.

187 3061 240 3102 76)
264 3071 312 3094 co
363 3061 462 3105 igen
508 3071 563 3094 os.
