2430 3177
1045 182 1308 199 m

117 276 121 279 »
223 247 298 286 .Vs.
328 244 422 287 416.
480 232 715 299 Iuyeuium.
754 245 952 299 ingenium
983 258 1233 288 concessum.
1263 269 1315 276 -—
1344 245 1583 286 Prudentia
1610 248 1765 292 maior,
1804 249 1829 288 i·
1862 260 1896 288 e.
1935 248 2048 288 nobis
2084 260 2173 288 nam
2214 250 2246 288 si

101 303 176 344 1100
204 306 329 351 esset,
371 306 410 342 et
437 301 601 343 lucerna
639 301 739 341 testa
769 301 982 353 sapientior
1010 302 1234 343 hominibus
1265 301 1484 353 videretur,
1528 303 1618 355 quia
1658 309 1696 343 et
1724 304 1809 356 ipsa
1838 303 1957 344 habet
1986 302 2244 357 significatio-

101 369 190 397 nem
221 367 348 397 suam.

234 411 300 450 VS.
329 409 424 452 417.
485 407 693 462 Iuppiter,
721 410 858 450 imber.
1367 442 1388 453 ,

234 465 301 506 Vs.
331 464 424 507 420.
487 466 660 517 Species
689 466 925 509 aninmrum,
957 466 1174 508 animorum
1203 466 1366 512 formae.
1426 465 1584 511 Motus,
1616 468 1673 507 sic
1703 467 1805 507 enim
1835 471 1903 507 a‘e'r
1934 471 1993 507 est
2013 465 2165 507 mobilis
2177 469 2247 515 ⁸¹).

100 520 428 573 quemadmodum
458 524 609 561 animus
642 520 824 560 hominis.

232 576 299 616 Vs.
328 574 422 616 422.
484 574 732 619 Cone-entus,
764 587 838 616 con
871 580 909 616 et
937 580 1089 627 cantus,
1119 576 1159 616 id
1189 581 1250 616 est
1279 575 1524 629 symphonia.

233 632 298 670 Vs.
325 628 419 671 423.
478 629 540 669 Et
568 629 716 682 laet-ae,
748 632 850 670 a'eris
881 632 1093 671 serenitate
1123 631 1354 685 gaudentes.
1387 654 1437 659 —
1476 630 1671 674 ocantes,
1702 631 1903 672 lactantes.

212 686 276 725 Vs.
306 683 402 725 424.
462 684 604 724 Solem
634 685 690 723 ad
717 686 927 736 rapidum,
956 687 1148 736 velocem,
1180 686 1450 726 vehementem
1460 699 1472 735 3
1503 687 1568 726 alii
1589 685 1768 738 rapidum
1790 685 1936 735 dicunt,
1967 685 2072 737 quod
2101 686 2248 727 11111110-
2280 689 2297 693 ”

100 753 196 791 10111,
228 740 277 780 (10
307 752 385 791 (1110
414 742 600 794 pascitur,
643 742 779 792 rapiat.
838 740 990 784 Luuas,
1020 747 1171 781 noctes.
1203 764 1257 770 —
1290 740 1542 793 Sequentes,
1581 754 1604 782 a
1632 742 1776 793 prima,
1808 739 2003 790 secunda,
2046 742 2158 781 tertia
2187 742 2248 781 vel

100 800 238 847 quarta
268 806 361 835 sese
391 800 617 847 sequenteS,
649 795 714 834 vel
742 795 832 837 luna
863 796 956 836 solis
989 797 1158 836 circulos
1190 797 1381 848 sequitur,
1412 796 1503 836 licet
1531 797 1616 848 ipse
1644 796 1807 836 inferior
1836 799 1910 835 est.

233 850 300 889 Vs.
330 848 425 890 425.
486 849 705 901 Nunquam
735 854 776 888 te
807 851 990 890 crastina
1015 850 1142 902 fallet
1173 851 1302 895 hora,
1333 852 1422 903 quia
1452 850 1529 891 fida
1559 855 1651 891 sunt
1679 852 1812 904 signa,
1843 862 1944 902 quae
1973 849 2059 890 sole
2087 853 2125 890 et
2154 849 2245 890 luna

101 903 423 1002 conlgutr'lgllrllffi.
480 959 704 1012 Hyperbole
733 965 805 1011 est,
837 960 902 1012 qui
929 972 1010 1001 non
1038 961 1135 1002 hora
1163 973 1237 1002 nos
1267 960 1421 1013 decipit.
1483 959 1673 1012 capiere,
1703 959 1899 1014 decipiere
1919 963 1989 1008 ⁸2).
2053 957 2242 1011 Capiet-e,

100 1014 277 1066 capieris.
308 1037 362 1043 —
394 1012 566 1057 Noctis,
598 1015 726 1055 lunae.

233 1070 299 1109 Vs.
328 1067 422 1109 427.
483 1068 743 1108 Revertentis
775 1070 909 1121 ἰῃιιίε,
951 1070 1042 1121 (11113
1077 1075 1216 1122 postea
1254 1071 1430 1110 dicturus
1470 1075 1530 1110 est
1565 1070 1615 1110 de
1642 1070 1746 1119 sole,
1787 1070 1850 1110 vel
1889 1075 1998 1110 certe
2037 1082 2126 1110 cum
2155 1069 2245 1110 luna

100 1135 200 1166 nova
228 1125 462 1174 renascitur,
491 1128 586 1164 tunc
615 1125 717 1164 enim
749 1125 942 1177 originem
972 1124 1078 1165 indet
1109 1126 1259 1175 tollere,
1291 1138 1407 1177 quam
1429 1127 1484 1174 93)
1517 1125 1782 1165 decrescendo
1811 1124 2046 1176 perdiderat.

231 1179 297 1218 Vs.
327 1177 420 1219 428.
481 1177 672 1230 Niyrum,
702 1181 858 1233 nigrum
887 1184 993 1229 aera,
1024 1192 1104 1220 non
1133 1181 1289 1233 nigrum
1311 1192 1446 1220 cornu.
1504 1183 1668 1218 Annus
1696 1182 1760 1230 ait,
1793 1180 1827 1218 si
1856 1191 1980 1219 cornu
2007 1179 2247 1231 aquilonium

100 1233 151 1273 sit
179 1234 349 1274 erectius
372 1233 428 1281 ⁸⁴¹)
459 1235 684 1285 aquilonem
713 1235 904 1275 inminere
933 1239 972 1274 et
999 1247 1070 1288 per
1100 1247 1189 1276 eum
1220 1247 1404 1275 serenum
1434 1234 1530 1275 fieri.
1560 1257 1615 1264 —-
1649 1234 1698 1273 Si
1726 1235 1888 1286 niyrum
1920 1239 1958 1274 et
1985 1234 2149 1286 reliqua.
2208 1234 2248 1274 Si

98 1300 178 1329 non
207 1288 400 1328 habuerat
428 1289 520 1329 luna
553 1301 700 1329 cornua
730 1294 768 1329 et
795 1290 896 1329 intra
926 1302 1019 1330 eam>
1042 1291 1198 1343 nigrum
1229 1295 1320 1330 aera
1352 1290 1518 1339 videris,
1551 1291 1623 1329 erit
1651 1290 1798 1341 ubique
1825 1289 1954 1341 pluvia
1984 1293 2024 1329 et
2050 1289 2125 1341 aej.
2155 1292 2247 1329 stas.

98 1346 288 1383 Nrmnms
328 1343 377 1383 de
405 1344 533 1384 ventis
562 1343 629 1383 1111
660 1345 732 1394 ait,
771 1345 808 1387 si
835 1357 1031 1384 summum
1063 1345 1305 1385 corniculum
1335 1345 1509 1384 maculas
1539 1346 1674 1398 nigras
1705 1343 1905 1395 habuerit,
1938 1343 1989 1394 [in
2019 1342 2168 1396 primis]
2191 1346 2245 1391 ⁸⁵)

99 1399 246 1439 mensis
276 1398 452 1451 partibus
483 1399 628 1439 imbres
658 1398 756 1449 fore,
790 1400 822 1439 si
850 1401 889 1440 in
918 1400 996 1440 imo
1027 1412 1163 1450 cornu,
1195 1400 1446 1440 serenitatem
1476 1399 1664 1440 debemus
1694 1401 1809 1440 scire.

212 1453 280 1494 Vs.
309 1451 405 1494 430.
463 1456 523 1507 At
552 1455 590 1492 si
619 1455 859 1506 eiryineum,
887 1456 977 1506 quia
1007 1456 1119 1508 virgo
1150 1460 1210 1495 est
1238 1455 1340 1494 luna.

231 1509 298 1548 Vs.
329 1506 423 1549 431.
492 1507 644 1547 Ventus
676 1510 766 1547 erit.
826 1511 992 1550 Ventum
1023 1522 1180 1562 semper
1209 1509 1411 1550 denuntiat
1440 1510 1531 1549 111113
1559 1509 1730 1559 1111)0115;
1761 1514 1903 1550 ventus
1933 1509 2039 1550 venit
2066 1522 2117 1550 ex
2144 1509 2245 1550 aeris

101 1561 294 1604 densitate
330 1569 369 1603 et
406 1569 524 1604 vento
562 1565 664 1604 luna-
693 1565 888 1613 rubescit3
927 1569 1021 1605 nota
1060 1565 1166 1616 quod
1205 1566 1413 1605 concitatio
1436 1568 1492 1613 se)
1533 1564 1803 1604 crassitudinis
1836 1569 1996 1604 ventum
2030 1563 2135 1605 facit.
2195 1588 2242 1592 -

30 1638 34 1641 -
98 1615 268 1656 Plzoebe
297 1623 427 1659 autem
457 1619 589 1659 lunam
620 1619 725 1669 dicit,
758 1625 799 1659 ut
829 1620 953 1659 solem
983 1619 1205 1670 Phoebum,
1244 1625 1287 1659 ut
1314 1624 1452 1673 postea
1483 1617 1681 1657 Phoebea
1711 1617 1918 1658 lustrabat
1947 1618 2140 1670 lampade
2170 1623 2245 1657 ter-

98 1685 178 1712 ras.
234 1672 390 1713 Phoebe
419 1676 523 1714 venit
553 1674 600 1714 ab
632 1686 693 1723 eo,
726 1675 832 1726 quod
865 1680 925 1714 est
954 1674 1147 1714 Phoebus.
1207 1674 1438 1725 Sciendum,
1468 1675 1509 1714 in
1537 1674 1759 1723 nominibus
1791 1675 1957 1728 propriis
1987 1674 2071 1723 duo
2096 1679 2244 1715 tantum

97 1739 245 1781 genera
273 1727 370 1777 fieri,
400 1734 444 1769 ut
472 1729 666 1778 Phoebus,
697 1729 864 1779 Phoebe,
897 1729 1058 1781 Tullius,
1091 1729 1228 1771 Tullia.

230 1783 296 1824 Vs.
326 1781 440 1824 433.⁴
479 1782 610 1836 Pura,
639 1784 751 1824 deest
783 1790 843 1825 est
867 1788 936 1833 ⁸⁷).

229 1839 297 1879 Vs.
326 1836 422 1879 435.
479 1837 691 1878 Escae-tum
722 1839 778 1877 ad
807 1852 991 1884 mensem,
1018 1851 1151 1891 usque
1179 1838 1229 1879 ad
1258 1843 1458 1892 peractum
1487 1851 1678 1879 mensem.

230 1894 296 1935 Vs.
326 1891 421 1935 437.
483 1892 658 1932 Glauco.
720 1894 890 1935 Glaucus
927 1895 1061 1947 Polybi
1097 1899 1134 1934 et
1173 1894 1368 1935 Eriboeae
1407 1894 1531 1944 filius,
1568 1897 1602 1935 is
1640 1893 1840 1945 110111388)
1880 1893 2049 1945 quadam
2088 1898 2244 1948 gustata

96 1948 414 1990 inmortalitatem
444 1948 586 1988 dicitur
614 1950 800 2002 adeptus,
840 1962 942 2001 quae
971 1951 1010 1989 in
1038 1949 1246 1989 fortunatis
1275 1949 1413 1988 insulis
1443 1950 1637 1999 nascitur,
1669 1954 1708 1989 et
1736 1948 1834 1989 deus
1863 1948 1992 1989 sactus
2024 1954 2085 1989 est
2113 1950 2241 1989 maris.

98 2005 280 2044 iun-imus
312 2004 417 2044 dicit.
448 2027 502 2039 —÷
537 2002 741 2049 Glaucus,
781 2004 1052 2045 Antheodonis
1083 2003 1185 2044 filius
1214 2005 1403 2057 piscator,
1445 2005 1511 2055 qui
1549 2017 1670 2056 quum
1711 2004 1880 2056 cepisset
1900 2007 1955 2053 ⁸⁹)
1986 2004 2136 2056 pisces,
2173 2016 2243 2044 eos

97 2057 289 2110 deposuit.
345 2059 403 2099 Illi
432 2062 561 2099 autem
593 2061 757 2100 animam
788 2072 839 2100 ex
867 2060 998 2100 herbis
1033 2063 1267 2112 receperunt
1305 2063 1343 2098 et
1379 2058 1580 2100 redierunt
1607 2060 1644 2099 in
1678 2071 1798 2099 mare.
1857 2058 2026 2100 Glaucus
2058 2060 2242 2099 amissam

96 2112 233 2154 dolens
262 2115 445 2167 praedam
484 2126 574 2154 sese
603 2116 867 2167 praecipitavit
903 2116 941 2154 in
980 2114 1122 2154 undam
1161 2119 1198 2153 et
1227 2116 1346 2155 maris
1387 2113 1549 2154 effectus
1589 2119 1649 2154 est
1679 2114 1788 2155 deus.
1844 2117 2025 2153 lusimus
2055 2113 2157 2156 dicit.
2191 2136 2242 2141 —-

97 2166 314 2220 Panopen,
345 2169 421 2209 filia
449 2169 564 2209 Nerei
586 2173 656 2219 ⁹⁰),
690 2170 825 2211 Glauci
857 2171 1041 2220 coniunx,
1072 2169 1243 2222 nympha
1273 2170 1433 2210 marina.
1492 2168 1598 2207 Inoo
1629 2169 1940 2223 patronymicum
1970 2173 2031 2209 est
2062 2181 2083 2208 a
2103 2173 2240 2218 matre,

96 2229 139 2264 ut
164 2224 305 2275 Inous,
345 2230 387 2264 ut
425 2225 514 2264 alibi
544 2224 712 2266 Ledcani
752 2230 790 2265 et
819 2226 981 2277 reliqua.
1050 2223 1197 2268 Inous,
1238 2224 1386 2264 Graece
1425 2223 1567 2265 dicitur
1594 2224 1917 2274 Leucotheam),
1957 2224 2093 2265 Latine
2119 2227 2242 2265 mater

97 2280 264 2321 nautica.
322 2278 553 2320 Melicerte.
611 2280 845 2331 Melicertes,
875 2280 1121 2321 Athamantis
1150 2279 1265 2329 filius,
1296 2291 1412 2331 quem
1434 2279 1621 2319 Corinthii
1650 2279 1921 2320 Palaemonem
1950 2280 1989 2318 in
2016 2278 2162 2319 isthmo
2183 2279 2239 2327 92)

101 2334 247 2384 colunt,
279 2335 404 2376 Latini
434 2334 644 2376 Portunum
675 2335 822 2385 dicunt,
852 2336 957 2388 quod
987 2335 1168 2389 portibus¹
1192 2336 1348 2387 praesit.
1406 2333 1588 2374 luxuum
1619 2334 1724 2375 dicit.

228 2390 295 2430 Vs.
325 2388 422 2431 438.
484 2389 563 2429 Sol
591 2403 755 2443 quoque
784 2397 823 2432 et
851 2391 1014 2443 reliqua,
1047 2395 1135 2430 ortu
1166 2394 1205 2430 et
1233 2401 1380 2430 occasu
1409 2390 1522 2442 signa
1554 2388 1670 2430 dabit.

229 2445 297 2485 Vs.
328 2444 422 2486 442.
488 2444 695 2485 Conditus
725 2447 764 2485 in
792 2446 949 2486 nubem.
1008 2446 1080 2486 Hic
1111 2445 1371 2486 soloecismus
1402 2449 1484 2494 est,
1522 2456 1612 2485 nam
1642 2444 1772 2484 dicere
1801 2442 1958 2493 debuit,
1989 2442 2168 2483 conditus
2201 2444 2240 2483 in

95 2500 212 2551 nube,
243 2500 314 2541 sed
343 2513 422 2541 non
450 2500 514 2541 hic
542 2502 699 2550 vitium,
732 2503 915 2553 quoniam
946 2502 989 2539 in
1017 2500 1136 2541 multa
1164 2499 1358 2554 significat
1387 2505 1425 2540 et
1453 2499 1516 2539 hic
1546 2500 1590 2536 in
1618 2510 1697 2539 non
1727 2499 1766 2538 in
1792 2498 1936 2538 nubem
1965 2497 2168 2548 conditus,
2197 2503 2238 2538 ut

98 2556 150 2596 sit
175 2556 335 2607 vitium,
365 2555 436 2596 sed
467 2556 510 2594 in
538 2568 610 2610 pro
641 2557 778 2609 infra,
807 2562 845 2596 et
874 2555 1066 2610 significat
1096 2555 1196 2595 infra
1225 2555 1369 2595 nubem
1401 2553 1594 2594 conditus.
1623 2577 1676 2583 —
1713 2552 1881 2597 Medio,
1919 2552 2049 2593 medio
2079 2553 2175 2594 orbe
2205 2554 2237 2593 si

98 2610 232 2651 orbem
262 2622 376 2651 suum
405 2611 544 2652 fecerit
572 2624 723 2653 cavum.
781 2610 1011 2664 Mediaque
1038 2610 1243 2663 refuyerit
1274 2608 1385 2656 orbe,
1416 2609 1545 2650 velato
1573 2608 1713 2663 refuga
1742 2608 1838 2650 orbe
1866 2608 2098 2662 apparuerit.

229 2665 296 2706 Vs.
327 2663 422 2706 444.
485 2665 679 2712 sinister,
710 2666 848 2716 malus,
878 2668 1035 2713 noxius.

229 2720 295 2760 Vs.
325 2718 419 2761 445.
482 2720 568 2760 Sub
598 2720 739 2766 lucem,
771 2720 843 2760 sub
872 2734 943 2775 pro
970 2733 1118 2773 prope.

209 2775 293 2816 ‘Vs.
319 2773 414 2818 446.
476 2774 645 2828 sumet,
675 2778 806 2828 instet,
837 2778 1010 2819 inminet.

234 2933 285 2975 81)
311 2932 493 2966 nobilis.
540 2933 592 2974 82)
618 2933 837 2977 decipere.
883 2935 937 2977 83)
963 2944 1098 2978 quem.
1146 2933 1198 2975 8⁴)
1223 2942 1390 2966 eracus.
1438 2932 1490 2974 85)
1514 2931 1602 2966 Haec
1618 2932 1684 2965 duo
1701 2930 1797 2965 verba
1823 2940 1862 2963 cx
1886 2929 2116 2964 Burmanniani
2132 2931 2234 2965 Servii

101 2978 173 3012 cod.
199 2977 237 3011 G.
263 2980 453 3022 interposui.
483 2979 532 3018 86)
557 2981 792 3012 concitaci.
824 2981 874 3023 87)
900 2980 951 3014 de
974 2985 1054 3013 est.¹
1087 2982 1140 3018 88)
1166 2978 1348 3012 scriboe
1373 2977 1498 3012 filius
1521 2981 1560 3012 in
1586 2976 1728 3012 cerba.
1764 2975 1816 3016 89)
1840 2974 2049 3019 capiss'et.
2085 2976 2135 3017 90)
2154 2976 2234 3010 Pa-

98 3023 342 3069 nopiasilia
367 3025 541 3073 neregi.
583 3024 634 3066 91)
658 3024 861 3060 licothea.
909 3026 1110 3070 92)(1110111
1133 3026 1297 3060 corinti
1321 3022 1544 3069 palimone
1570 3025 1611 3057 in
1635 3024 1821 3056 istimon.
