2430 3177
1171 48 1205 97 3

1066 117 1330 139 Μ

107 196 300 226 summam
336 195 491 225 manum
513 186 585 232 ¹⁹)
607 186 758 229 statuit
776 184 824 224 111
846 182 1072 229 Graeciam
1097 189 1136 224 et
1175 185 1214 224 in
1250 183 1386 225 Asiam
1419 183 1608 224 secedere
1651 182 1896 237 triennioque
1942 187 2127 228 continuo
2165 190 2256 231 nihil

109 239 272 292 amplius
303 252 419 292 quam
450 238 680 288 emendare,
714 243 754 278 ut
781 239 930 289 reliqua
957 239 1035 277 vita
1065 244 1231 279 tantum
1240 238 1485 291 philosophia
1515 245 1693 279 vacaret:
1734 240 1805 279 sed
1835 253 1923 280 cum
1951 242 2155 295 ingressus
2185 246 2257 285 ite}

107 294 271 334 Athenis
299 295 538 335 occurrisset
564 293 747 347 Augusto
778 294 825 334 ab
856 294 1005 332 oriente
1034 294 1198 335 Romam
1226 295 1439 340 revertenti
1466 293 1758 345 destinaretque
1795 308 1875 335 non
1892 296 2104 337 absistere
2141 304 2258 350 atque

108 350 222 403 etiagn
253 362 331 390 una
370 349 519 399 redire,
561 349 653 389 dum
681 349 862 412 Megara,
903 348 1071 388 vicinum
1101 349 1307 412 oppidum,
1347 348 1634 389 ferventissimo
1665 350 1750 389 sole
1789 353 1984 404 cognovit,
2026 352 2256 406 languorem

106 410 245 444 nactus
283 409 343 444 est
380 416 549 455 eumque
586 416 666 444 non
704 404 927 443 intermissa
964 404 1214 457 navigatione
1252 405 1382 453 auxit,
1429 405 1481 442 ita
1516 409 1560 443 ut
1594 404 1751 457 gravior
1781 406 1978 457 aliquanto
2007 387 2257 450 Brundisium

106 459 336 511 appelleret,
369 459 434 499 ubi
464 459 600 499 diebus
631 459 764 512 paucis
795 458 876 498 obit
905 457 968 497 ΧΙ.
988 459 1072 499 Kal.
1094 459 1251 500 Octobr.
1285 458 1355 498 Gn.
1384 457 1532 507 Festio,
1568 459 1641 506 Qu.
1663 459 1842 500 Lucretio
1876 473 1979 501 coss.
2040 462 2141 503 Ossa
2171 464 2255 504 eius

103 513 304 576 Neapolim
334 514 522 555 translata
550 518 642 554 sunt
678 513 908 565 tumuloque
938 514 1115 565 condita,
1153 515 1220 566 qui
1261 518 1321 553 est
1353 514 1415 553 via
1444 513 1653 555 Puteolana
1690 514 1791 556 intra
1827 516 1992 568 lapidem
2023 518 2254 594 secundum,

103 567 144 607 in
173 580 250 620 quo
281 567 476 609 distichon
505 569 596 608 fecit
630 569 726 608 tale:

704 634 834 667 Mantua
860 645 911 667 me
936 637 1058 679 genuit,
1084 634 1211 669 Calabri
1237 645 1392 678 rapuere,
1418 640 1506 668 tenet
1529 645 1615 667 nunc

774 680 990 724 Parthenope,
1015 682 1117 714 cecini
1143 689 1276 724 pascua,
1300 692 1385 721 1ura,
1410 681 1521 713 duces.

36 744 41 746 “
102 720 276 776 Heredes
305 736 397 777 fecit
427 748 476 776 ex
506 736 661 781 dimidia
691 742 801 789 parte
823 739 879 785 ²⁰]
901 737 1096 778 Valerium
1117 738 1335 787 Proculum,
1367 737 1524 778 fratrem
1547 738 1622 777 alio
1642 743 1762 790 patre,
1795 750 1843 777 ex
1861 743 1996 789 quarta
2015 739 2253 795 Augustum,

102 804 153 831 ex
182 791 412 831 duodecima
440 791 718 841 Maecenatem,
750 805 800 832 ex
827 793 976 844 reliqua
1005 793 1046 832 L.
1067 793 1262 834 Valerium
1293 799 1331 833 et
1360 794 1523 833 Plotium
1543 793 1724 843 luccam,
1757 794 1823 844 qui
1852 795 1935 833 eius
1964 775 2179 835 Aeneidem
2197 800 2252 845 ²1.)

100 851 199 897 post
228 846 374 886 obitum
412 847 523 886 iussu
560 846 739 888 Caesaris
779 848 1056 898 emendarunt,
1097 849 1146 889 de
1183 861 1260 901 qua
1297 861 1341 888 re
1379 849 1537 900 Sulpicii
1569 848 1900 902 Carthaginiensis
1939 854 2072 890 extant
2110 850 2254 892 huius-

102 900 207 941 modi
237 912 397 941 versus:

642 958 785 991 Iusserat
801 958 853 999 22)
879 958 960 990 haec
984 958 1105 1001 rapidis
1133 959 1255 992 aboleri
1272 959 1323 999 23)
1350 960 1490 991 carmina
1516 958 1652 991 flammis

701 1003 864 1046 Virgilius,
889 1003 1062 1047 Phrygium
1087 1015 1171 1048 quae
1195 1007 1341 1037 cecinere
1367 1004 1493 1036 ducem.

640 1047 745 1080 'lucta
759 1029 864 1080 51151111
883 1049 920 1080 V
911 1053 1073 1090 ‹viius-que,
1098 1050 1192 1080 simul
1218 1056 1261 1085 tu
1287 1051 1425 1081 maxime
1452 1049 1584 1090 Caesar,
1632 1055 1645 1057 ’“

706 1092 779 1124 Non
804 1094 881 1124 sinis
907 1098 938 1123 et
962 1092 1069 1124 Latiae
1094 1093 1234 1124 consulis
1262 1092 1423 1125 historiae.

639 1136 750 1169 Infelix
775 1139 905 1181 gemino
933 1138 1046 1170 cecidit
1072 1145 1176 1180 prope
1199 1138 1381 1181 Pergamon
1406 1139 1484 1182 igni,

701 1182 741 1215 Et
758 1193 864 1226 paene
890 1194 925 1215 es
912 1189 939 1214 st
964 1183 1028 1215 alio
1052 1183 1143 1216 Troia
1170 1190 1309 1216 cremata
1333 1194 1427 1227 rogo.

99 1239 244 1304 Egerat
264 1251 352 1281 cum
370 1238 500 1289 Vario,
531 1238 758 1291 priusquam
788 1239 895 1279 Italia
927 1239 1147 1289 decedelet,
1178 1244 1235 1290 ut,
1266 1241 1297 1279 si
1329 1240 1421 1292 quid
1451 1241 1524 1280 sibi
1544 1241 1763 1291 accidisset,
1795 1240 1969 1282 Aeneida
1990 1245 2252 1307 combureret,

99 1300 138 1336 et
164 1296 198 1335 is
224 1295 420 1336 facturum
449 1306 494 1334 se
521 1299 777 1347 pernegarat3
806 1295 928 1348 igitur
954 1295 995 1334 in
1024 1300 1198 1335 extrema
1226 1295 1453 1336 valetudine
1481 1295 1640 1335 assidue
1669 1297 1809 1337 scrinia
1831 1296 2065 1340 desideravit
2094 1314 2253 1342 crema-

99 1356 210 1391 turus
239 1352 337 1402 ipse,
370 1362 508 1396 verum
528 1350 683 1389 nemine
713 1350 902 1390 offerente
930 1350 1025 1389 nihil
1055 1350 1210 1401 quidem
1229 1352 1461 1391 nominatim
1486 1351 1534 1390 de
1555 1363 1600 1390 ea
1632 1352 1744 1400 cavit,
1777 1356 1950 1391 ceterum
1980 1354 2106 1394 eidem
2136 1357 2253 1398 Vario

99 1418 147 1447 ac
186 1406 302 1446 simul
332 1405 484 1446 Tuccae
522 1406 668 1458 scripta
704 1416 776 1445 sua
812 1406 884 1445 sub
927 1417 974 1445 ea
1003 1405 1228 1445 conditione
1258 1406 1422 1458 legavit,
1463 1418 1512 1445 ne
1553 1407 1645 1458 quid
1684 1406 1865 1455 ederent,
1904 1409 2008 1459 quod
2047 1422 2126 1450 non
2157 1424 2178 1451 a
2208 1423 2253 1453 se

99 1460 244 1502 editum
275 1465 418 1501 esset.
452 1460 580 1500 Edidit
608 1466 737 1501 autem
767 1465 928 1501 auctore
955 1459 1138 1513 Augusto
1167 1460 1307 1501 Varius
1338 1461 1408 1500 sed
1437 1462 1657 1502 summatim
1687 1460 1914 1511 emendata,
1945 1469 1988 1503 ut
2016 1466 2082 1515 qui
2111 1478 2252 1507 versus

99 1517 215 1557 etiam
254 1515 528 1568 imperfectos,
569 1518 601 1553 si
636 1516 701 1566 qui
740 1520 872 1565 erant,
909 1516 1132 1567 reliquerit,
1170 1527 1272 1567 qnos
1313 1517 1422 1555 multi
1461 1528 1552 1555 mox
1590 1517 1773 1568 supplere
1811 1519 1939 1558 conati
1977 1531 2056 1558 non
2092 1522 2253 1572 perinde

98 1571 303 1611 valuerunt
333 1571 382 1610 ob
413 1570 700 1619 difficultatem,
742 1570 849 1622 quod
879 1571 1007 1610 omnia
1036 1569 1121 1609 fere
1150 1570 1252 1623 apud
1285 1570 1402 1620 [eum]
1436 1570 1679 1611 hemistichia
1699 1574 1755 1618 ²4)
1787 1571 1968 1613 absoluto
1996 1574 2252 1628 perfectoque

99 1627 232 1675 sensu,
263 1630 418 1678 praeter
442 1625 557 1664 illud:
589 1637 732 1676 quem
763 1625 851 1664 tibi
881 1625 1048 1665 'lroia
1107 1625 1222 1664 Nisus
1244 1626 1523 1678 grammaticus
1544 1626 1703 1666 audisse
1724 1626 1795 1676 [se]
1817 1638 1838 1666 a
1859 1629 2079 1669 senioribus
2110 1632 2250 1683 aiebat,

98 1681 256 1722 Varium
286 1681 452 1721 duorum
482 1680 669 1720 librorum
701 1679 878 1720 ordinem
909 1685 1174 1720 commutasse
1206 1684 1244 1719 et
1274 1682 1339 1732 qui
1360 1692 1465 1722 nunc
1484 1681 1681 1721 secundus
1711 1682 1761 1721 sit
1778 1683 1836 1731 ²⁵)
1867 1683 1906 1722 in
1934 1685 2091 1725 tertium
2120 1687 2250 1728 locum

99 1736 361 1787 transtulisse,
393 1736 507 1776 etiam
536 1736 651 1788 primi
680 1735 766 1775 libri
796 1736 1020 1775 correxisse
1049 1735 1279 1787 principium
1308 1735 1368 1775 his
1398 1736 1575 1776 versibus
1607 1736 1795 1790 demptis:

632 1802 691 1834 nte
721 1813 785 1845 ego
809 1803 863 1846 qui
888 1802 985 1835 silvas
1011 1802 1122 1846 gracili
1148 1802 1332 1834 modulatus
1363 1812 1467 1835 avena

640 1848 793 1881 Carmine
817 1855 848 1881 et
872 1858 1024 1891 egressus
1050 1849 1137 1881 silvis
1163 1850 1267 1880 vicina
1292 1846 1401 1892 coegi,⁴

636 1894 677 1927 Ut
701 1896 847 1938 quamvis
873 1894 968 1926 avido
997 1900 1146 1936 parerent
1170 1904 1246 1926 arva
1271 1894 1401 1938 colono,

638 1939 767 1978 Gratum
793 1950 875 1983 opus
900 1941 1062 1983 agricolis,
1089 1946 1122 1973 at
1145 1950 1231 1972 nunc
1256 1939 1421 1973 horrentia
1444 1939 1554 1974 Martis

634 1984 734 2018 Arma
758 1987 924 2029 virumque
950 1996 1043 2018 cano.

99 2044 394 2086 obtrectatores
422 2043 587 2097 Virgilio
619 2054 818 2094 nunquam
855 2041 1082 2093 defuerunt,
1121 2054 1195 2083 nec
1233 2044 1395 2094 mirum,
1431 2056 1521 2084 nam
1560 2056 1634 2086 nec
1661 2045 1832 2086 Homero
1862 2046 2030 2099 quidem.
2086 2048 2249 2090 Prolatis

98 2095 286 2140 bucolicis
327 2099 588 2140 innominatus
627 2098 783 2149 quidam
822 2098 978 2150 scripsit
1007 2098 1266 2139 antibucolica
1286 2102 1342 2148 2ὃ)
1375 2075 1473 2140 duas
1511 2099 1629 2141 modo
1661 2101 1839 2155 eclogas,
1880 2102 1951 2143 sed
1989 2104 2250 2146 insulsissime

99 2152 380 2211 παρωδήσας,
408 2166 574 2207 quarum
603 2154 741 2206 prioris
770 2153 920 2192 initium
952 2159 1030 2193 est:

635 2219 752 2263 Tityre,
776 2220 803 2252 si
827 2224 904 2264 toga
929 2219 1023 2252 calda
1048 2220 1102 2253 tibi
1128 2226 1187 2262 est,
1213 2231 1279 2265 quo
1305 2222 1447 2266 tegmine
1469 2221 1565 2267 fagi?

100 2267 322 2320 sequentis:

634 2320 695 2354 Dic
718 2319 806 2361 mihi,
827 2319 996 2362 Damoeta,
1020 2322 1126 2354 cuium
1150 2332 1262 2364 pecus,
1286 2333 1371 2355 anne
1390 2321 1569 2360 Latinum?

635 2366 720 2408 Non,
742 2377 854 2400 verum
878 2367 1024 2410 Aegonis
1052 2369 1166 2422 nostri,
1190 2369 1238 2401 sic
1261 2378 1335 2418 rure
1359 2369 1544 2413 loquuntur.

101 2425 225 2477 Alius,
253 2425 443 2466 recitante
471 2437 518 2465 eo
549 2437 600 2464 ex
630 2423 848 2490 georgicis.
888 2419 1078 2463 nudus¹¹
1090 2436 1195 2474 ar,a
1234 2426 1352 2466 sere
1390 2426 1573 2476 nudus,
1604 2425 1790 2466 subiecit:
1830 2431 1875 2466 et
1902 2426 2113 2469 habebis
2143 2428 2246 2471 fri-

102 2492 246 2533 gora‚
272 2479 476 2520 febrem.
534 2480 603 2519 Est
630 2485 667 2525 et
690 2476 893 2544 adversus
917 2478 1093 2519 Aeneida
1121 2478 1218 2518 liber
1239 2478 1402 2519 Carvilii
1424 2483 1479 2528 ²⁷)
1511 2480 1670 2520 Pictoris
1700 2481 1809 2523 titulo
1836 2480 2128 2527 AeneomastiX.
2194 2486 2245 2527 M.

101 2535 319 2588 Vipsanius
348 2549 370 2576 a
396 2535 621 2576 Maecenate
661 2538 750 2587 eum
774 2522 1033 2586 'suppositum
1072 2533 1290 2587 appellabat
1325 2547 1456 2576 novae
1494 2534 1751 2589 κακοζηλίας
1769 2538 1824 2584 28)
1862 2543 2126 2590 1¹·,epertoiem
2166 2552 2247 2583 non

102 2589 275 2630 tumidae
307 2602 381 2630 nec
421 2591 544 2639 exilis,
577 2589 647 2630 sed
683 2603 732 2629 cx
769 2590 1040 2630 communibus
1081 2589 1210 2629 veihis
1249 2594 1367 2641 atque
1403 2590 1492 2631 idco
1512 2594 1568 2639 2⁹)
1608 2591 1775 2632 latentis.
1841 2592 2059 2634 Herennius
2096 2599 2244 2637 tantum

103 2646 194 2687 vitia
223 2647 343 2695 eius,
340 2645 509 2686 Perilius
531 2648 586 2694 ³⁰)
619 2644 785 2686 Faustus
814 2644 918 2689 furta
948 2645 1152 2685 contraxit.
1194 2645 1290 2707 Sunt
1319 2649 1356 2685 et
1379 2646 1451 2694 Qu.
1474 2646 1676 2687 Octaviani
1696 2648 1751 2695 31)
1783 2647 2126 2691 homoeoteleuton
2155 2657 2246 2693 octo

119 2809 122 2812 .
175 2788 177 2791 ’
227 2783 346 2826 19)·111
371 2783 502 2818 codice:
529 2794 684 2819 summa
709 2793 842 2816 manu.
891 2783 943 2824 2ο)
969 2782 1100 2817 Codex:
1134 2784 1180 2815 eir
1211 2782 1432 2816 dimidiam
1457 2790 1633 2826 partem.
1689 2785 1740 2826 21)
1775 2784 1906 2820 Codex:
1947 2786 2243 2825 Aeneidam.

103 2831 154 2872 22)
178 2829 214 2863 111
239 2830 373 2863 codice:
397 2829 589 2861 Luserat.
621 2830 672 2870 23)
699 2829 811 2863 Codex
836 2828 950 2862 habet:
976 2829 1172 2862 abolere.
1206 2829 1257 2870 24)
1283 2829 1316 2861 In
1342 2829 1473 2862 codice:
1503 2830 1615 2872 apud
1651 2831 1934 2864 emisthicha.
1977 2833 2028 2873 25)
2054 2833 2121 2865 Hoc
2147 2837 2242 2869 vitio-

104 2887 175 2909 sum
201 2881 258 2909 est.
306 2875 478 2908 Burmann.
505 2876 649 2917 scripsit:
681 2877 755 2919 qui
781 2881 864 2907 tum
891 2875 1110 2907 secundus
1138 2880 1239 2907 erat.
1286 2875 1336 2916 26)
1363 2875 1448 2908 Haec
1473 2877 1589 2908 vitiose
1615 2878 1644 2908 in
1671 2876 1784 2909 codice
1808 2877 1862 2909 tali
1887 2878 2022 2910 modos
2008 2879 2124 2920 scripta
2149 2888 2242 2915 sunt:

105 2922 335 2956 bucolicis·
365 2922 658 2954 numinatoris
695 2921 867 2965 quidam
905 2921 1146 2964 repsitanti
1186 2920 1405 2955 bucolica.
1442 2922 1569 2963 ’27)111
1596 2922 1728 2955 codice.
1753 2922 1918 2955 carbili.
1959 2923 2025 2977 28)
2051 2924 2085 2956 111
2109 2926 2241 2960 codice:

106 2968 342 3002 cacozelie.
388 2968 439 3008 21))
468 2965 579 2999 Codex
603 2966 717 3000 habet:
743 2967 861 3000 adeo.
907 2967 959 3008 3⁰)
985 2967 1115 3000 Codex:
1142 2966 1371 3010 petellius.
1427 2968 1478 3009 31)
1503 2966 1632 3000 Codex.
1667 2973 1764 3000 sunt
1804 2973 1845 3000 et
1876 2963 1986 3011 qua'c
2018 2973 2242 3006 octaviani

106 3012 540 3046 homaeotheleuton.
1778 3057 1842 3099 1*
